2806 4778
134 205 198 264 222
535 216 640 270 enarr
659 215 817 284 222221,

134 400 206 442 rum
218 400 314 443 22222
324 381 561 460 remansissent,
575 417 616 424 —
631 398 771 462 namque
787 397 856 442 esse
872 379 1017 462 undique
1035 379 1206 463 diligenter

135 488 359 569 demigratum,
383 525 425 533 —
455 487 511 550 sed
536 487 590 568 qui
614 485 800 568 speculandi
824 505 921 549 22222
944 490 1052 549 essent
1075 487 1203 550 remissi.

106 615 151 658 aa
176 594 296 674 quibus
319 613 391 657 cum
417 598 583 674 quaereret
607 591 733 674 Caesar,
758 612 821 676 quo
841 592 911 655 loco
930 593 1107 657 multitudo
1127 599 1205 656 esset

133 701 374 764 Bellovacorum
401 700 527 782 quodve
555 705 637 763 esset
660 701 830 763 consilium
854 719 979 781 eorum,
1007 701 1202 763 inveniebat:
1216 723 1237 765 2

105 808 320 872 aBellovacos
337 826 460 889 omnes,
486 809 540 888 qui
560 826 646 868 arma
665 807 747 870 ferre
763 811 905 889 possent,
928 808 963 869 in
980 826 1084 868 unum
1100 807 1203 869 locum

45 969 49 976 .
135 917 335 995 convenisse,
359 916 502 996 itemque
526 913 714 995 Ambianos,
738 914 908 994 Aulercos,
934 912 1075 994 0212222,
1100 912 1203 976 Velio-

134 1042 250 1104 222222,
274 1022 455 1100 Atrebates3
481 1021 587 1083 locum
612 1021 723 1084 castris
739 1020 901 1083 excelsum
922 1021 956 1081 in
973 1021 1057 1082 silva
1073 1021 1204 1082 circum-

135 1131 207 1192 data
234 1129 350 1211 palude
379 1128 547 1209 delegisse,
580 1127 809 1211 impedimenta
837 1128 945 1189 omnia
972 1127 1007 1188 12
1036 1126 1204 1189 ulteriores

135 1237 230 1299 silvas
254 1234 432 1297 contulisse.
472 1235 651 1317 complures
676 1252 745 1297 esse
767 1235 929 1317 principes
952 1232 1030 1296 belli
1051 1240 1203 1314 auctores,
1216 1254 1237 1296 2

135 1342 190 1404 sed
215 1341 452 1404 multitudinem
481 1343 620 1405 maxime
649 1341 765 1404 Correo
795 1340 1027 1423 obtemperare,
1061 1342 1148 1423 quod
1176 1341 1204 1403 ei

134 1469 258 1511 summo
292 1468 361 1512 esse
395 1448 468 1511 odio
500 1467 618 1511 nomen
650 1448 762 1530 populi
794 1447 930 1510 Romani
962 1448 1203 1512 intellexissent.

107 1557 245 1638 2222212
274 1561 345 1618 2222
373 1555 487 1618 diebus
520 1573 561 1618 ex
593 1555 643 1617 his
672 1556 782 1618 castris
810 1555 995 1618 Atrebatem
1026 1552 1204 1617 Commium

136 1664 318 1727 discessisse
351 1664 390 1726 ad
419 1663 540 1725 auxilia
569 1663 800 1725 Germanorum
831 1661 1030 1743 adducenda,
1069 1681 1203 1745 quorum

107 1777 166 1834 eet
194 1771 341 1833 vicinitas
368 1770 548 1853 propinqua
576 1773 607 1831 et
635 1769 807 1833 multitudo
837 1774 920 1832 esset
946 1769 1082 1832 infinita.
1133 1788 1238 1832 222-2

134 1869 278 1942 221221222
302 1881 408 1940 autem
435 1876 622 1939 Bellovacos
654 1877 796 1939 omnium
827 1877 1010 1960 principum
1039 1896 1204 1958 22222222,

135 2005 260 2049 summa
292 1984 394 2067 plebis
427 1983 612 2066 cupiditate,
645 1985 685 2061 si,
718 1989 755 2046 ut
782 1983 954 2064 diceretur,
989 1981 1106 2047 Caesar
1134 2003 1204 2046 cum

135 2093 237 2155 tribus
265 2090 446 2174 legionibus
474 2092 610 2171 veniret,
638 2109 672 2152 se
697 2089 809 2153 offerre
836 2090 878 2152 ad
906 2090 1138 2172 dimicandum,
1165 2109 1204 2153 22

134 2199 299 2261 miseriore
323 2218 359 2260 22
384 2197 512 2260 duriore
535 2201 643 2279 postea
666 2197 856 2259 condicione
880 2216 953 2259 cum
977 2201 1043 2260 toto
1061 2197 1204 2261 exercitu

108 2305 297 2368 adecertare
321 2308 523 2386 cogerentur;
558 2304 583 2366 si
608 2304 745 2367 maiores
769 2305 874 2387 copias
898 2303 1082 2385 adduceret,
1110 2305 1144 2366 in
1167 2320 1238 2367 eoas

134 2413 204 2474 loco
236 2429 436 2493 permanere,
474 2428 569 2492 quem
609 2410 812 2493 delegissent,
850 2410 1055 2494 pabulatione
1091 2416 1202 2492 autem,

136 2537 217 2601 2222
240 2523 369 2601 2222222
392 2517 469 2581 2221
493 2523 617 2601 tempus
642 2517 1202 2601 222222122222222121222222221,

135 2631 167 2689 et
180 2627 426 2688 frumentatione
449 2632 479 2689 et
500 2626 624 2708 reliquo
641 2630 821 2688 commeatu
837 2643 876 2686 ex
892 2623 1021 2686 insidiis
1036 2624 1203 2707 prohibere

99 2743 115 2797 8
134 2732 303 2796 Romanos.
344 2730 431 2807 Quae
452 2731 566 2796 022222
589 2731 863 2796 consentientibus
885 2731 1031 2814 pluribus
1056 2751 1130 2794 cum
1154 2749 1226 2794 co-1

133 2845 262 2923 gnosset
285 2846 379 2922 22222
403 2859 454 2921 22,
483 2858 563 2921 2222
584 2843 847 2922 proponerentur,
872 2837 1005 2901 consilia
1019 2838 1116 2920 21222
1131 2858 1202 2921 222-

135 2947 260 3010 dentiae
293 2948 452 3029 longeque
485 2968 502 3010 a
532 2946 709 3010 temeritate
741 2945 947 3009 barbarorum
980 2951 1104 3008 remota
1137 2964 1202 3008 esse

133 3054 300 3134 iudicaret,
318 3052 466 3116 omnibus
482 3052 579 3116 rebus
594 3052 835 3116 inserviendum
852 3053 971 3133 statuit,
988 3071 1052 3133 quo
1069 3051 1203 3116 22122122

106 3160 239 3223 ahostes
263 3164 441 3243 contempta
469 3180 528 3223 sua
550 3159 710 3242 paucitate
732 3158 898 3242 prodirent
924 3159 959 3221 in
983 3159 1093 3222 aciem.
1140 3159 1228 3222 sin—s

222 3335 340 3389 822222
359 3354 389 3402 a,
413 3335 530 3404 2222122
566 3338 575 3406 11
611 3335 738 3388 9222221·
757 3351 817 3387 cum
837 3336 993 3404 quereretfl
1029 3335 1038 3402 11
1075 3335 1109 3389 10
1127 3335 1201 3387 inue-

133 3423 222 3476 niebat
241 3442 271 3489 o3
295 3424 504 3492 cognoscebatss
539 3425 548 3488 11
587 3423 620 3475 12
638 3423 760 3477 22122222
781 3443 798 3475 a
835 3423 844 3492 11
882 3422 1202 3490 12.13221122222122;

133 3511 346 3566 221112222222π
378 3514 386 3582 11
424 3515 457 3567 13
477 3513 609 3566 atrebatas
628 3532 663 3583 ‹p3
682 3513 815 3566 atrebates
834 3512 872 3580 A3
895 3513 1021 3567 atrebatis
1044 3511 1079 3576 0¹
1115 3513 1124 3581 11
1162 3513 1201 3565 13.

135 3603 169 3655 14
188 3602 381 3655 circumdatum
400 3603 430 3656 22
461 3604 469 3671 11
504 3602 537 3654 14
556 3601 885 3669 222121222212122222
916 3603 924 3672 11
958 3602 991 3655 15
1008 3603 1130 3656 auctores
1142 3599 1202 3654 belli

132 3699 149 3760 β
180 3696 189 3761 11
223 3693 255 3745 16
275 3691 429 3745 corbeoM²
460 3692 469 3759 11
503 3692 536 3745 18
549 3692 702 3752 Atrebatem
715 3708 767 3743 orn.
780 3697 798 3757 β
829 3693 838 3756 11
870 3691 904 3743 22
916 3690 1032 3758 21211212
1063 3691 1072 3758 11
1105 3705 1201 3758 caesar,

132 3782 348 3844 222122222222
379 3780 388 3849 11
421 3781 454 3833 23
474 3781 598 3834 offerrent
618 3796 646 3833 se
666 3799 694 3847 a,
714 3795 773 3833 sese
792 3781 922 3847 offerrefl
956 3781 965 3849 11
1003 3780 1037 3832 24
1056 3780 1202 3834 conditione

132 3875 260 3941 2222222
291 3872 299 3939 11
332 3870 365 3924 25
384 3869 411 3922 12
429 3876 458 3937 12
477 3871 504 3922 22
521 3868 549 3922 12
569 3889 586 3920 ιι
618 3870 626 3937 11
659 3870 692 3924 26
712 3872 882 3938 permaneret
900 3889 918 3921 o
944 3871 952 3939 11
978 3867 1204 3937 pabulationemss

222 3962 250 4016 8.
275 3963 288 4013 1
314 3977 375 4013 cum
398 3959 622 4014 consentientibus
646 3959 832 4028 (sentientibus
851 3959 877 4029 ρ)
901 3958 1021 4026 pluribus
1044 3964 1062 4025 β
1097 3962 1106 4026 11
1143 3959 1167 4011 1.
1187 3957 1204 4010 2

133 4051 302 4121 cognouisset
322 4050 359 4116 Sp
390 4051 399 4118 11
430 4049 545 4102 Arabus
564 4055 653 4116 2222
684 4050 692 4117 11
725 4049 868 4117 5112221211
899 4048 907 4116 11
940 4055 1028 4115 22212
1048 4063 1203 4116 22222122

132 4138 314 4209 222222211Βῖ
345 4144 354 4207 11
385 4138 503 4208 prodiret
523 4157 540 4189 c
