2806 4778
477 337 585 391 LIBER
602 339 662 392 VII.
683 338 759 392 cnP.
779 339 902 392 46-49.
1162 327 1224 388 189

154 501 328 563 eiecerunt.
368 501 644 564 matresfamiliae
668 501 707 564 de
731 521 822 564 muro
846 507 968 566 vestem
992 508 1251 586 argentumquea

106 607 316 674 siccabant
339 611 370 669 et
392 613 519 689 pectore
538 609 625 671 nudo
646 609 861 690 prominentes
879 611 980 691 passis
1000 609 1150 673 manibus
1169 610 1225 672 ob-

154 713 355 777 testabantur
370 714 543 797 Romanos,
568 720 603 777 ut
622 714 684 777 sibi
703 719 869 797 parcerent
890 735 969 797 neu,
990 717 1074 780 sicut
1094 718 1225 779 Avarici

154 821 318 902 fecissent,
349 841 391 884 ne
420 841 439 883 a
465 821 655 884 mulieribus
679 821 807 904 quidem
836 828 931 904 atque
955 823 1130 886 infantibus
1154 823 1225 886 obs·

154 930 307 1008 tinerent3
337 948 403 991 non
430 928 538 991 nullae
567 929 606 991 de
634 948 724 991 muro
751 948 948 1011 parmenus
977 929 1131 992 demissae
1155 949 1251 994 sesec

155 1034 312 1098 militibus
339 1035 514 1098 tradebant.
562 1033 595 1096 L.
620 1035 752 1117 Fabius,
785 1037 929 1099 centurio
961 1035 1099 1116 legionis
1125 1037 1251 1120 vulp

108 1163 143 1205 20
157 1161 254 1224 quem
276 1143 359 1205 inter
382 1161 457 1205 suos
481 1161 518 1206 eo
543 1142 596 1205 die
621 1143 739 1205 dixisse
759 1143 923 1206 constabat
938 1144 1071 1206 excitari
1091 1163 1124 1207 se
1140 1145 1224 1206 Ava-

155 1249 335 1311 ricensibus
362 1249 513 1331 praemiis
540 1268 645 1330 neque
674 1251 931 1331 commissurum,
960 1257 996 1313 ut
1023 1252 1111 1332 prius
1138 1252 1225 1332 quis·

156 1374 254 1436 quam
281 1375 410 1417 murum
439 1356 635 1435 ascenderet,
668 1361 732 1419 tres
760 1375 834 1419 suos
866 1361 978 1419 nactus
1011 1357 1224 1440 manipulares

156 1466 253 1543 atque
277 1462 316 1524 ab
340 1463 380 1524 iis
404 1462 588 1526 sublevatus
611 1482 740 1525 murum
762 1463 917 1541 ascendit,
942 1464 999 1527 hos
1022 1465 1090 1546 ipse
1114 1484 1225 1528 rursus

128 1569 301 1652 isingulos
316 1556 498 1652 'exceptans
521 1571 556 1632 in
578 1589 706 1632 murum
731 1571 854 1633 extulit.
892 1570 1026 1634 Interim
1046 1571 1083 1651 ii,
1108 1572 1164 1653 qui
1185 1571 1224 1633 ad
1242 1585 1278 1639 48

156 1675 287 1738 alteram
312 1682 432 1758 partem
456 1677 578 1759 oppidi,
606 1682 643 1739 ut
665 1696 762 1759 supra
786 1677 1090 1757 demonstravimus,
1120 1679 1225 1739 muni-

155 1783 253 1844 tionis
281 1802 377 1846 causa
405 1788 633 1865 convenerant,
661 1784 763 1866 primo
792 1783 942 1846 exaudito
972 1783 1121 1865 cla-more,
1148 1784 1224 1847 inde

156 1890 253 1952 etiam
278 1889 398 1953 crebris
421 1892 544 1953 nuntiis
568 1891 691 1954 incitati
715 1890 866 1973 oppidum
893 1911 911 1952 a
933 1890 1086 1953 Romanis
1114 1892 1223 1974 teneri,

124 2016 143 2057 a
157 1997 338 2078 praemissis
354 1997 516 2079 equitibus
531 2018 647 2081 magno
664 2017 760 2060 cursu
779 2016 816 2060 eo
833 1997 1073 2060 contenderunt.
1112 2016 1223 2060 eorum
1239 2019 1252 2061 2

156 2109 192 2165 ut
212 2104 353 2186 quisque
375 2107 498 2187 primus
513 2111 656 2187 venerat,
680 2104 739 2167 sub
756 2123 847 2166 muro
865 2104 1057 2167 consistebat
1077 2123 1224 2166 suorum-

155 2229 220 2292 que
244 2212 455 2292 pugnantium
478 2230 648 2275 numerum
673 2211 815 2294 augebat.
857 2230 992 2292 quorum
1014 2230 1086 2273 cum
1108 2230 1252 2292 magnac

155 2317 328 2380 multitudo
358 2319 573 2399 convenisset,
601 2324 717 2382 matres
744 2318 895 2401 familiae,
924 2337 1005 2401 quae
1027 2317 1122 2400 paulo
1151 2325 1224 2379 ante

156 2423 310 2487 Romanis
342 2426 381 2488 de
413 2445 506 2488 muro
540 2446 653 2488 manus
685 2426 871 2507 tendebant,
904 2445 978 2489 suos
1012 2424 1162 2488 obtestari
1194 2430 1226 2487 et

113 2549 144 2591 ro
157 2550 245 2594 more
280 2531 401 2595 Gallico
436 2552 563 2614 passum
599 2533 748 2616 capillum
784 2537 942 2596 ostentare
977 2531 1158 2612 liberosque
1190 2532 1226 2593 in

157 2643 362 2721 conspectum
390 2638 529 2722 proferre
558 2645 739 2722 coeperunt.
790 2645 857 2702 erat
883 2639 1036 2702 Romanis
1069 2658 1127 2701 nec
1155 2638 1252 2702 locon

155 2763 217 2807 nec
245 2765 379 2809 numero
412 2766 515 2829 aequa
546 2748 721 2825 contentio;
755 2746 850 2808 simul
879 2751 910 2809 et
938 2765 1033 2808 cursu
1067 2753 1098 2808 et
1125 2745 1224 2826 spatio

157 2871 283 2934 pugnae
308 2853 468 2936 defatigati
491 2874 556 2917 non
579 2855 671 2917 facile
691 2859 835 2916 recentes
854 2858 949 2934 atque
968 2853 1110 2933 integros
1130 2851 1225 2913 susti-

128 2978 143 3018 1
158 2958 284 3022 nebant.
316 2959 431 3023 Caesar
447 2980 520 3023 cum
535 2962 648 3043 iniquo
663 2961 733 3022 loco
749 2960 885 3042 pugnari
901 2959 1102 3039 hostiumque
1119 2959 1225 3040 copias
1243 2974 1280 3028 49

156 3067 268 3148 augeri
292 3066 427 3149 videret,
455 3077 675 3149 praemetuens
699 3068 765 3129 suis
789 3065 827 3128 ad
851 3065 882 3127 T.
907 3063 1052 3128 Sextium
1076 3065 1224 3137 legatum,

157 3192 254 3254 quem
286 3175 465 3237 minoribus
499 3175 609 3237 castris
641 3173 799 3257 praesidio
831 3173 1015 3253 reliquerat,
1053 3172 1152 3252 misit,
1189 3176 1226 3233 ut

157 3280 302 3343 cohortes
326 3299 367 3343 ex
390 3282 499 3344 castris
523 3281 668 3345 celeriter
692 3280 841 3344 educeret
868 3285 899 3342 et
927 3279 986 3342 sub
1010 3277 1120 3340 infimo
1144 3277 1225 3340 colle

124 3384 198 3447 aab
222 3386 333 3449 dextro
356 3387 453 3452 latere
476 3388 615 3452 hostium
639 3388 857 3467 constitueret,
881 3390 929 3468 ut,
957 3387 985 3448 si
1008 3390 1132 3448 nostros
1156 3385 1252 3450 locoa

249 3619 290 3671 15.
311 3618 344 3672 16
363 3633 485 3671 romanos
504 3618 736 3683 obtestabanturp
768 3617 777 3681 ll
810 3617 966 3682 l‘laom.p
997 3615 1006 3684 ss
1042 3615 1072 3668 18
1086 3614 1199 3667 murisc
1217 3611 1226 3684 ll

154 3705 282 3759 dimissae
302 3706 338 3774 os
359 3708 368 3776 ΙΙ
393 3706 434 3760 18.
456 3707 488 3760 19
502 3707 631 3760 militibus
644 3714 702 3774 sed
734 3707 742 3775 ll
777 3705 809 3758 19
827 3705 857 3758 L.
877 3705 962 3758 fabius
975 3704 1050 3772 M²p3
1070 3703 1168 3757 Labius
1182 3723 1199 3754 u
1218 3701 1226 3773 ll

154 3796 277 3849 centurio
295 3803 384 3863 cnop
415 3796 424 3864 ll
457 3797 490 3849 23
509 3797 552 3848 his
572 3796 610 3863 Sp
640 3797 649 3865 [l
681 3796 731 3849 hos
750 3813 779 3862 c;
799 3811 844 3848 eos
863 3813 898 3861 ⁷¹3
917 3810 982 3865 cop

246 3903 292 3958 48.
314 3904 327 3955 1
347 3903 365 3956 ii
383 3905 413 3972 b3
432 3903 461 3956 hi
480 3903 509 3956 X
538 3904 546 3973 ll
582 3904 600 3955 4
618 3903 744 3972 oppidum
763 3918 779 3954 a
797 3901 872 3954 Rom.
892 3901 977 3954 teneri
994 3900 1044 3953 dcl.
1064 3899 1198 3966 Pluppers
1218 3897 1226 3969 ll

153 3994 275 4046 boursu
292 4001 321 4060 fl,
340 4008 470 4047 concursu
491 4013 508 4044 α
540 3994 549 4058 ΙΙ
581 3993 851 4058 9dcn1uroom.fl
883 3992 891 4059 ll
924 3991 958 4045 10
976 4005 1083 4058 passum
1103 4006 1133 4054 u3
1153 4003 1225 4054 spar-

153 4089 255 4149 sump
286 4083 294 4152 ll
328 4084 361 4136 13
380 4083 517 4152 fatigatig

247 4173 293 4228 49.
314 4174 336 4225 1.
358 4172 374 4224 2
393 4172 484 4242 augeri
507 4171 596 4240 copias
620 4190 637 4222 α
674 4171 682 4239 ll
719 4174 736 4222 4
758 4186 793 4223 ex
816 4168 909 4222 castris
931 4185 984 4220 om.
1007 4173 1035 4233 β;
1060 4181 1108 4219 sex
1132 4166 1226 4219 castris

156 4260 310 4315 Markland
344 4260 352 4333 ll
390 4264 476 4330 bap
511 4260 519 4331 ll
556 4259 638 4314 latera
657 4277 746 4329 anag
