2806 4778
207 316 238 357 VI
682 306 846 350 PRAEFATIO

206 493 274 532 cum
299 474 370 532 satis
394 473 547 532 multaab
570 472 731 531 editoribus
746 474 956 549 praetermissa
978 479 1008 531 et
1023 475 1157 549 neglecta
1181 492 1246 532 esse
1270 475 1331 533 iam

205 569 274 622 ante
297 563 351 621 hos
374 563 476 631 decem
499 580 591 621 annos
615 561 831 636 intellegerem,
856 563 914 620 iam
937 568 1001 620 tum
1025 564 1090 639 Ipse
1108 563 1331 622 vetustissimos

111 706 114 711 .
207 651 297 710 huius
320 651 453 710 codicum
477 651 593 726 generis
621 651 725 723 libros,
752 651 803 707 ubi
832 651 961 726 primum
990 652 1057 711 <lata
1085 658 1164 710 esset
1192 652 1330 726 incultae,

191 742 339 818 ¹conferre
363 740 515 813 constitui,
538 745 573 797 ut
595 739 774 816 quicumque
802 740 833 796 in
857 740 991 798 Caesaris
1019 748 1049 799 et
1072 741 1160 799 Hirtii
1190 741 1226 798 de
1250 742 1331 800 bello

207 829 320 889 Gallico
343 828 565 887 commentarios
589 847 706 904 operam
731 828 922 904 studiumque
949 830 1061 887 vellent
1088 831 1220 888 conferre
1248 836 1331 888 certo

206 920 290 995 quasi
319 917 511 977 fundamento
543 917 598 975 niti
625 923 754 993 possent.
806 917 979 992 Comparari
1012 918 1103 992 igitur
1135 937 1211 977 anno
1242 921 1328 978 1892

206 1007 336 1066 Berolini
364 1007 480 1066 codices
511 1007 684 1064 Tlruoncem
712 1007 750 1081 (o)
779 1010 809 1064 et
842 1005 1090 1065 Vindoboncuseru
1113 1008 1250 1083 prinnina
1278 1008 1329 1082 (f),

206 1096 316 1154 Romae
346 1096 542 1154 Ursa'nieneru
567 1095 621 1172 (a),
651 1095 815 1153 Florentiae
838 1101 951 1170 partem
980 1096 1170 1154 Riccordieai
1193 1096 1233 1171 (l).
1280 1097 1329 1154 Ex

206 1186 298 1244 altero
326 1185 461 1243 codicum
488 1202 595 1259 genere
625 1182 667 1261 (nl
695 1184 792 1242 adhuc
823 1185 954 1242 nondum
982 1185 1108 1243 collatus
1140 1191 1202 1244 erat
1234 1186 1330 1242 codex

206 1274 511 1331 Aslrbarndamianns
539 1271 599 1350 (Slz
632 1273 712 1330 hunc
739 1290 857 1349 quoque
886 1273 1050 1332 Florentiae
1077 1275 1195 1332 contuli.
1247 1274 1329 1331 Libri

213 1362 347 1420 Vaticani
371 1362 428 1439 (M)
452 1362 651 1435 collationem,
675 1379 763 1437 quam
787 1367 856 1420 ante
872 1362 993 1437 triginta
1016 1363 1077 1421 fere
1093 1381 1185 1421 annos
1201 1363 1329 1437 diligen-

206 1451 320 1510 tissime
344 1452 524 1525 confecerat,
548 1450 584 1508 D.
608 1450 822 1523 Detlefsenius,
845 1450 891 1509 vir
914 1451 1056 1526 singulari
1078 1452 1205 1527 quadam
1225 1452 1329 1509 huma-

206 1540 299 1598 nitate
322 1545 352 1599 et
367 1540 543 1598 liberalitate
557 1539 721 1615 praeditae,
746 1539 958 1613 benignissime
974 1541 1047 1597 milri
1063 1541 1195 1611 tradidit,
1220 1540 1329 1615 quibus

206 1634 305 1687 autem
329 1629 401 1687 locis
425 1663 467 1670 -
491 1629 613 1686 fuerunt
635 1628 679 1685 illi
703 1628 912 1704 quadringenti
935 1629 996 1688 fere
1014 1664 1054 1671 -
1072 1629 1245 1688 Detlefsenii
1269 1630 1328 1687 col-

206 1717 277 1775 latio
293 1717 478 1793 discrepabat
497 1717 661 1792 aFrigellii
677 1717 724 1775 vei
740 1718 872 1776 Diibneri
888 1718 1058 1792 collatione,
1082 1718 1119 1776 iis
1140 1718 1203 1794 ipse
1219 1718 1329 1776 Romae

206 1807 338 1866 codicem
348 1806 474 1883 inspexi,
484 1825 518 1865 ac
531 1823 648 1881 semper
659 1807 720 1865 fere
730 1805 945 1865 Detlefsenium
956 1826 1059 1866 verum
1069 1808 1179 1865 vidisse
1195 1807 1328 1880 cognovi.

206 1895 378 1954 Extremam
402 1914 473 1954 sane
495 1895 563 1954 libri
579 1894 647 1953 VII.
664 1900 777 1970 partem
801 1900 831 1954 et
851 1900 945 1955 totum
962 1896 1071 1954 librum
1087 1896 1171 1953 VIII.
1188 1897 1328 1970 temporis

206 1985 352 2060 angustiis
375 1985 536 2060 impeditus
559 1984 705 2060 inspicere
733 2004 792 2043 non
820 1986 917 2060 potui;
946 1985 1096 2042 dimidiam
1126 1986 1187 2042 fere
1215 1989 1329 2058 partem

206 2073 273 2131 libri
296 2073 379 2131 VIII.
403 2079 507 2147 rogatu
530 2092 608 2144 meo,
632 2073 712 2149 quod
735 2075 799 2131 eius
823 2074 916 2148 partis
939 2073 1055 2130 collatio
1080 2073 1252 2130 Detlefsenii
1277 2073 1328 2130 de-

207 2162 347 2238 perierat,
375 2162 503 2236 benigne
531 2162 656 2220 contulit
684 2165 838 2236 Augustus
867 2162 944 2219 Mau.
996 2160 1111 2219 Codicis
1140 2161 1331 2219 Rircordioai

207 2252 272 2326 ipse
294 2250 461 2325 comparavi
476 2251 587 2308 librum
602 2249 700 2324 'VIlL3
724 2251 756 2308 in
773 2249 895 2326 reliquis
911 2249 994 2308 libris
1010 2250 1128 2308 adhibui
1154 2269 1219 2307 cam
1239 2269 1328 2325 qnam

207 2339 292 2398 Felix
319 2338 477 2397 Rumorino
505 2340 583 2398 foras
611 2339 692 2397 dedit
722 2339 921 2412 collationem,
949 2339 1001 2396 sed
1030 2356 1080 2396 eos
1108 2339 1187 2396 locos
1221 2340 1329 2413 quibus

206 2433 327 2504 propter
348 2428 531 2504 reliquorum
554 2428 686 2486 eiusdem
710 2427 814 2485 classis
834 2427 966 2486 codicum
984 2428 1152 2485 dissensum
1169 2428 1205 2485 de
1221 2428 1327 2485 Ramo·

207 2517 338 2575 rinianae
360 2516 524 2576 collationis
552 2517 611 2574 fide
639 2516 809 2574 dubitabam
840 2516 946 2591 partim
974 2516 1039 2592 ipse
1066 2516 1231 2574 Florentiae
1259 2535 1328 2574 exa-

207 2605 329 2678 minavi,
358 2606 478 2681 partim,
502 2607 571 2681 plus
594 2611 755 2678 trecentos,
784 2603 927 2679 Georgius
956 2605 1045 2679 Kane,
1074 2606 1248 2663 adulescens
1272 2606 1327 2661 lm-

207 2696 399 2754 manissimus
426 2700 457 2753 et
488 2696 524 2753 de
552 2694 644 2752 Bellis
673 2693 857 2753 Caesarianis
889 2694 999 2769 optime
1031 2694 1168 2768 meritus,
1206 2695 1329 2752 comiter

207 2785 312 2842 iterum
330 2784 470 2860 Inspexit.
508 2783 592 2842 Idem
608 2782 717 2840 codicis
736 2782 1007 2841 Ashburnhamiani
1024 2790 1143 2842 centum
1164 2783 1228 2841 fere
1248 2783 1329 2840 locos

207 2873 315 2950 quibus
336 2892 419 2932 meae
440 2871 588 2931 collationi
609 2871 778 2929 diffidebam
802 2871 898 2931 denuo
914 2873 1053 2948 contulit;
1078 2892 1136 2949 qua
1160 2874 1224 2930 cius
1240 2890 1328 2946 opera

206 2968 252 3021 ter
283 2982 331 3021 me
363 2962 507 3021 erravisse
538 2961 607 3019 vidi.
664 2961 786 3020 Codices
821 2961 1061 3037 Bonpcrsicnam
1089 2962 1111 3020 I.
1142 2960 1203 3035 (A),
1242 2961 1329 3017 Puri-

207 3052 310 3109 sr'num
333 3052 355 3110 I.
380 3052 443 3128 (B),
467 3050 698 3126 Moysiaceuscna
717 3051 767 3128 (Q)
791 3051 856 3126 ipse
871 3050 1002 3108 nondum
1025 3050 1056 3106 in
1074 3051 1208 3107 manibus
1230 3050 1329 3122 habui,

207 3141 260 3198 sed
283 3158 360 3215 quae
387 3141 423 3198 de
451 3140 498 3197 his
525 3139 610 3198 libris
636 3139 829 3198 inveniuntur
857 3140 888 3196 in
915 3137 1092 3195 editionibus
1121 3136 1329 3212 Oudendorpii,

207 3227 392 3301 Schneideri,
416 3228 591 3304 Nipperdei,
615 3228 758 3302 Frigellii,
782 3226 927 3299 Dilbncri,
950 3225 1085 3292 Holderi,
1114 3244 1149 3283 ea
1172 3226 1330 3300 diligenter

110 3379 113 3384 .
207 3317 375 3375 examinata
389 3317 421 3374 in
437 3318 512 3374 hanc
533 3316 689 3374 editionem
706 3316 812 3391 recepi.
852 3315 1032 3372 Vossianum
1047 3314 1080 3387 1,
1104 3314 1278 3373 Leidensem
1296 3315 1329 3388 1,

207 3406 407 3465 Havniensem
430 3405 453 3463 Ι.
478 3405 611 3480 aliosque
639 3405 755 3464 codices
779 3423 833 3462 cur
856 3403 1017 3479 spreverim
1041 3403 1103 3460 dixi
1127 3405 1157 3460 in
1181 3422 1329 3461 commen-

208 3495 290 3553 tariis
307 3494 492 3554 scholasticis
504 3493 745 3552 Berolinensibus
762 3492 1009 3569 (labresberichte
1025 3492 1078 3550 des
1095 3492 1328 3567 philologisehen

209 3583 334 3642 Vereins
359 3604 395 3642 zu
418 3583 520 3643 Berlin
546 3584 630 3642 1885
655 3601 683 3658 p.
703 3584 765 3641 174
781 3582 865 3658 sqq).
913 3580 1055 3639 Consulto
1080 3582 1169 3640 etiam
1192 3582 1266 3638 duos
1282 3600 1329 3639 co-

207 3672 290 3731 dices
301 3672 515 3731 Laurentianus
528 3673 612 3749 (plut.
630 3674 680 3744 68,
697 3673 715 3730 8
732 3676 762 3729 et
780 3672 830 3742 68,
849 3671 879 3747 6)
898 3670 1031 3745 neglexi;
1051 3689 1119 3728 nam
1136 3671 1223 3728 Laur.
1237 3672 1285 3741 68,
1301 3673 1328 3742 G,

208 3762 260 3837 qui
282 3761 428 3819 Bandinio
451 3760 677 3836 antiquissImus
701 3760 783 3818 visus
807 3763 865 3832 est,
892 3764 972 3817 totus
999 3761 1195 3836 transcriptus
1223 3765 1267 3816 est
1291 3777 1330 3816 ex

207 3850 294 3910 Laur.
321 3852 371 3923 68,
397 3852 430 3925 83
459 3849 509 3908 hic
536 3854 647 3922 autem,
676 3866 855 3924 quamquam
883 3847 915 3905 in
943 3850 1160 3908 commentariis
1189 3849 1225 3906 de
1253 3847 1330 3904 bello

207 3940 302 4013 civili,
326 3939 538 4010 Alexandrino,
562 3937 713 4010 Africano,
737 3937 928 4013 Hispaniensi
952 3937 984 3995 in
1007 3939 1184 4013 optimorum
1208 3955 1329 3994 numero

207 4033 254 4087 est
282 4029 450 4101 habendus,
478 4032 578 4085 tamen
606 4026 637 4083 in
666 4025 743 4084 bello
767 4025 882 4085 Gallico
910 4027 983 4103 quin
1011 4045 1048 4085 ex
1076 4028 1209 4085 Parisino
1233 4026 1256 4083 I.
1281 4025 1329 4082 de-

208 4116 337 4192 scriptus
366 4117 417 4190 sit,
446 4115 503 4175 etsi
530 4133 624 4191 pauca
651 4115 808 4174 admodum
837 4116 935 4191 capita
961 4117 1140 4192 comparavi,
1169 4116 1242 4172 mihi
1270 4133 1328 4172 non

208 4211 255 4264 est
278 4205 409 4265 dubium.
