2806 4778
571 376 574 383 ·
626 344 732 399 emm
750 344 893 399 GALLICI

543 631 580 696 Ο.
602 629 725 695 IULII
748 629 973 695 CAESARIS

504 776 697 851 BELLI
743 775 1014 852 GALLIOI

593 933 703 988 omae
725 933 921 988 srcouous.

187 1141 205 1194 1
313 1114 395 1179 Cum
417 1119 501 1178 esset
516 1114 632 1179 Caesar
654 1117 690 1177 in
705 1115 852 1179 citeriore
869 1114 974 1179 Gallia
996 1113 1042 1198 [in
1058 1112 1228 1197 hibernis],
1253 1115 1333 1180 iter

223 1223 271 1286 uti
294 1241 391 1306 supra
414 1222 717 1303 demonstravimus,
740 1222 845 1287 crebri
860 1221 900 1284 ad
916 1241 990 1285 eum
1013 1239 1157 1284 rumores
1173 1220 1303 1286 adfere-

222 1329 341 1392 bantur
362 1329 541 1410 litterisque
565 1331 643 1394 item
665 1329 799 1395 Labieni
821 1331 939 1394 certior
966 1328 1065 1392 fiebat
1089 1347 1198 1392 omnes
1221 1328 1303 1392 Bel-

223 1454 291 1518 gas,
316 1454 412 1517 quam
435 1436 560 1499 tertiam
583 1454 651 1499 esse
670 1437 791 1501 Galliae
815 1443 938 1520 partem
962 1436 1160 1517 dixeramus
1184 1439 1303 1522 contra

223 1541 377 1624 populum
404 1542 584 1605 Romanum
613 1543 780 1606 coniurare
808 1543 999 1626 obsidesque
1025 1545 1110 1605 inter
1141 1561 1175 1605 se
1209 1541 1331 1610 dares

195 1648 412 1712 aconiurandi
434 1649 491 1711 has
515 1667 585 1713 esse
609 1668 735 1712 causas:
760 1651 899 1733 primum
924 1650 1010 1731 quod
1029 1654 1231 1730 vererentur,
1256 1668 1302 1713 ne

223 1757 312 1819 omni
334 1760 445 1839 pacata
468 1755 572 1820 Gallia
599 1754 640 1818 ad
667 1774 722 1820 eos
749 1757 909 1820 exercitus
936 1761 1044 1819 noster
1067 1756 1301 1837 adduceretur;

195 1863 339 1927 adoinde
364 1863 450 1944 quod
477 1863 517 1927 ab
544 1883 611 1926 non
639 1863 737 1926 nullis
761 1863 860 1927 Gallis
890 1863 1151 1942 sollicitarentur,
1178 1864 1303 1945 partim
1342 1944 1345 1951 .

224 1971 293 2051 qui,
317 1976 353 2034 ut
376 1971 553 2035 Germanos
577 1971 698 2034 diutius
720 1971 756 2033 in
777 1970 880 2034 Gallie
901 1972 1022 2033 versari
1045 1970 1229 2050 noluerant,
1254 1971 1303 2034 ita

222 2077 332 2160 populi
354 2077 491 2141 Romani
515 2079 694 2142 exercitum
716 2077 857 2141 hiemare
883 2083 978 2158 atque
1002 2078 1236 2140 inveterascere
1262 2078 1302 2142 in
1317 2105 1346 2147 ro

223 2183 326 2247 Gallia
348 2184 480 2248 moleste
502 2184 659 2267 ferebant,
688 2185 804 2266 partim
833 2186 889 2264 qui
912 2183 1087 2248 mobilitate
1112 2188 1143 2246 et
1164 2183 1302 2250 levitate

195 2291 321 2352 canimi
336 2292 428 2353 novis
451 2290 595 2373 imperiis
611 2290 795 2369 studebant,
821 2290 859 2352 ab
876 2310 944 2352 non
958 2291 1057 2353 nullis
1074 2291 1182 2372 etiam,
1208 2293 1303 2373 quod

222 2398 258 2458 in
281 2396 384 2459 Gallia
411 2417 429 2460 a
457 2396 690 2480 potentioribus
718 2403 813 2478 atque
836 2398 888 2480 iis,
918 2399 975 2478 qui
1003 2398 1043 2460 ad
1067 2397 1302 2464 conducendos

222 2503 367 2566 homines
394 2503 560 2567 facultates
588 2504 760 2586 habebant,
787 2504 884 2587 vulgo
912 2524 1012 2587 regna
1040 2504 1300 2588 occupabantur3

224 2610 280 2691 qui
294 2610 400 2673 minus
414 2610 507 2675 facile
523 2630 593 2674 eam
610 2631 676 2674 rem
692 2612 831 2694 imperio.
842 2617 951 2674 nostro
969 2613 1123 2692 consequi
1138 2616 1301 2694 poterant
1317 2640 1344 2682 15

185 2727 203 2782 2
221 2715 283 2780 His
305 2717 429 2779 nuntiis
451 2717 629 2799 litterisque
653 2724 830 2782 commotus
854 2718 969 2782 Caesar
992 2719 1071 2781 duas
1093 2717 1237 2800 legiones
1262 2723 1330 2789 inr

223 2824 367 2887 citeriore
395 2823 499 2901 Gallia
525 2844 626 2888 novas
653 2826 841 2908 conscripsit
869 2830 900 2888 et
926 2826 1008 2888 inita
1036 2830 1153 2887 aestate
1181 2826 1217 2889 in
1246 2828 1302 2890 ul-

222 2931 370 2994 teriorem
387 2931 522 2995 Galliam
546 2933 603 3013 qui
627 2932 799 2996 deduceret
823 2930 857 3007 Q.
875 2931 1011 2996 Pedium
1034 2932 1174 3015 legatum
1196 2935 1301 2998 misit

194 3038 302 3121 aipse,
335 3057 409 3101 cum
441 3040 581 3121 primum
612 3038 722 3122 pabuli
754 3041 846 3122 copia
877 3057 946 3103 esse
973 3040 1140 3122 inciperet,
1169 3038 1209 3100 ad
1240 3059 1302 3104 ex-

194 3146 357 3207 cercitum
399 3146 496 3208 venit.
564 3146 618 3208 dat
658 3148 824 3230 negotium
867 3143 1049 3208 Senonibus
1094 3145 1331 3229 reliquisques

222 3250 334 3334 Gallis,
374 3253 429 3334 qui
466 3251 594 3315 finitimi
632 3253 741 3336 Belgis
780 3257 883 3335 erant,
922 3253 972 3314 uti
1004 3271 1053 3333 ea,
1094 3269 1174 3331 quae
1207 3256 1301 3336 apud

222 3375 275 3420 eos
298 3362 462 3440 gerantur,
495 3364 690 3442 cognoscant
722 3377 820 3439 seque
855 3359 894 3422 de
927 3359 975 3421 his
1003 3358 1100 3421 rebus
1124 3358 1302 3425 certiorem

193 3462 344 3526 riaciant.
391 3465 425 3526 hi
451 3471 632 3529 constanter
660 3486 771 3529 omnes
803 3466 1036 3528 nuntiaverunt
1063 3483 1178 3527 manus
1212 3468 1301 3552 cogi,

193 3571 398 3633 aexercitum
424 3571 460 3633 in
487 3591 589 3634 unum
616 3572 722 3635 locum
751 3573 895 3635 conduci.
943 3578 1011 3634 tum
1038 3590 1113 3634 vero
1143 3570 1301 3639 dubitam-

309 3803 338 3856 1.
358 3801 415 3854 lin
428 3800 544 3854 hibernis
557 3802 607 3856 dcl.
626 3801 761 3868 Goerla‘ta3
774 3802 802 3854 in
815 3819 868 3854 om.
883 3801 917 3871 of
943 3800 951 3869 ll
983 3801 1028 3870 ita]
1041 3802 1273 3859 concedam?
1289 3804 1300 3879 ΙΙ

221 3891 336 3958 2supra
354 3897 443 3956 οηι.β
474 3893 482 3955 ΙΙ
514 3891 710 3944 ficausasesse
730 3909 752 3942 π
784 3892 793 3960 ll
825 3890 1023 3959 sut(B.2)SQ;
1043 3891 1169 3943 cuccoli.
1202 3891 1211 3959 [Ι
1246 3911 1299 3949 no-

219 3978 324 4033 luerant
343 3999 373 4047 c;
392 3978 526 4046 nollentfl
558 3980 566 4049 b
599 3980 633 4033 13
656 3979 689 4032 iis
712 3979 799 4047 ed.1;
823 3980 865 4032 his
884 3980 915 4033 X
944 3981 952 4048 lt
985 3983 1018 4034 15
1037 3980 1149 4047 impen'o
1163 3981 1242 4049 χ8β;
1267 3984 1299 4038 in

220 4068 330 4138 imperio
349 4068 445 4132 BMQb

308 4176 336 4231 2.
357 4177 373 4230 2
391 4176 457 4230 inita
476 4194 505 4243 c3
525 4175 631 4230 ineunte
644 4175 705 4243 Bm
737 4177 746 4240 ll
778 4175 802 4228 2.
823 4177 847 4229 3.
862 4175 1015 4229 ulteriorem
1031 4182 1060 4242 βς
1079 4174 1233 4230 interiorem
1252 4200 1272 4232 α
1289 4180 1299 4254 t}

220 4266 237 4319 9
256 4266 390 4320 exercitus
408 4265 471 4332 qu
