2806 4778
246 316 285 377 12
649 328 754 382 BELLI
773 327 917 382 GALLICI

216 493 443 576 elargiendum
467 511 599 573 magnas
619 511 831 574 comparasse;
857 510 1010 573 magnum
1031 510 1201 554 numerum
1223 491 1314 570 equi-

217 606 328 664 ctatus
349 618 407 662 suo
422 605 550 682 sumptu
565 617 690 680 semper
709 598 792 661 aiere
812 605 844 661 et
862 598 983 660 circum
1002 618 1035 661 se
1055 598 1184 677 habere,
1209 615 1315 677 neque

245 707 349 770 solum
378 707 477 786 domi,
509 705 565 769 sed
593 706 689 768 etiam
718 705 801 787 apud
829 705 981 767 finitimas
1008 706 1152 767 civitates
1184 704 1316 786 largiter

244 833 349 897 posse,
372 819 468 894 atque
491 813 587 874 huius
611 813 771 894 potentiae
790 831 886 874 eausa
903 817 1037 875 matrem
1061 813 1096 873 111
1115 811 1316 893 Biturigibus
1331 834 1359 875 15

218 921 367 988 rhomini
389 921 456 983 illic
478 919 675 982 nobilissimo
696 938 732 980 ac
749 920 969 1001 potentissimo
989 919 1185 994 conlocass03
1209 920 1316 1000 ipsum

245 1047 286 1092 ex
304 1026 462 1091 Helvetiis
486 1046 618 1089 uxorem
644 1026 774 1106 habere,
798 1045 938 1088 sororem
958 1045 999 1088 cx
1018 1031 1118 1088 matre
1138 1032 1170 1087 et
1187 1026 1316 1106 propin-

218 1133 325 1217 aquas
348 1153 422 1196 suas
444 1139 581 1216 nuptum
603 1135 639 1195 in
663 1133 740 1195 alias
764 1134 907 1195 civitates
928 1132 1118 1195 conlocasse.
1156 1133 1262 1194 farere
1285 1137 1317 1195 et

245 1259 360 1323 cupere
389 1240 547 1303 Helvetiis
576 1245 704 1322 propter
736 1259 807 1302 cam
839 1237 1048 1320 adfinitatem,
1082 1240 1186 1301 odisse
1220 1240 1317 1300 etiam

246 1367 303 1410 suo
327 1348 456 1410 nomine
481 1344 646 1410 Caesarem
671 1352 703 1409 ct
724 1345 899 1425 Romanos,
930 1346 1015 1426 quod
1040 1365 1150 1408 eorum
1175 1345 1318 1406 adventu
1333 1365 1361 1406 20

245 1455 387 1536 potentia
414 1455 483 1517 eius
512 1454 676 1515 deminuta
703 1459 735 1516 et
762 1451 945 1514 Diviciacus
967 1451 1066 1515 frater
1089 1453 1123 1513 in
1147 1452 1318 1532 antiquum

219 1561 352 1627 ciocum
375 1561 495 1643 gratiae
519 1566 613 1640 atque
633 1560 764 1621 honoris
783 1561 824 1622 sit
841 1559 1015 1622 restitutus.
1051 1560 1078 1621 si
1098 1559 1174 1639 quid
1194 1559 1320 1620 accidat

245 1666 411 1748 Romanis,
434 1686 592 1729 summam
615 1668 648 1729 in
673 1685 761 1748 spem
781 1686 838 1749 per
855 1665 1022 1729 Helvetios
1041 1667 1131 1747 regni
1151 1664 1321 1728 obtinendi

247 1776 370 1853 venire3
399 1775 533 1856 imperio
557 1774 665 1856 popuii
688 1771 825 1836 Romani
848 1793 915 1835 non
938 1773 1032 1836 modo
1057 1773 1096 1835 de
1119 1790 1231 1854 regne,
1260 1774 1320 1836 sed

206 1906 233 1948 ro
246 1883 342 1946 etiam
376 1882 415 1945 de
443 1901 481 1944 ea
514 1901 610 1962 quam
635 1880 750 1944 habeat
781 1882 883 1961 gratia
911 1881 1087 1962 desperare.
1137 1880 1321 1961 reperiebat
1335 1900 1363 1942 aa

247 1990 341 2052 etiarn
361 1990 395 2050 in
413 1988 594 2069 quaerendo
613 1987 740 2068 Caesar,
765 1988 851 2068 quod
866 1987 1023 2070 proelium
1040 1992 1187 2068 equestre
1205 1987 1321 2050 adver-

246 2116 317 2159 sum
340 2097 450 2178 paucis
474 2100 546 2157 ante
571 2094 684 2157 diebus
704 2100 787 2157 esset
804 2094 935 2173 factum,
957 2093 1088 2154 initium
1106 2092 1198 2176 [eius]
1224 2093 1322 2176 fugae

245 2203 365 2265 factum
379 2221 398 2262 a
410 2199 609 2282 Dumnorige
630 2207 724 2281 atque
742 2202 810 2263 eius
830 2199 990 2281 equitibus
1006 2237 1047 2244 —
1062 2219 1137 2261 nam
1152 2202 1323 2283 equitatui,

248 2328 343 2389 quern
371 2307 491 2370 auxilio
516 2306 641 2370 Caesari
670 2306 800 2370 Haedui
826 2308 990 2388 miserant,
1018 2304 1200 2369 Dumnorix
1228 2327 1323 2389 prae-

247 2421 315 2478 erat
338 2435 391 2476 —:
417 2433 527 2476 eorum
547 2413 622 2496 fuga
640 2413 801 2494 reliquum
820 2432 888 2476 esse
909 2414 1084 2495 equitatum
1104 2415 1322 2496 perterritum.
1338 2436 1368 2477 eo

193 2529 229 2583 19
249 2519 372 2596 Quibus
390 2520 486 2584 rebus
506 2521 655 2602 cognitis,
679 2539 752 2582 cum
772 2520 812 2582 ad
831 2521 887 2583 has
906 2522 1103 2602 suspiciones
1122 2521 1323 2586 certissimae
1339 2544 1351 2582 1

247 2646 299 2690 res
322 2628 520 2707 accederent,
545 2627 631 2708 quod
653 2627 808 2710 perfines
827 2625 1049 2708 Sequanorum
1069 2627 1236 2691 Helvetios
1256 2632 1324 2690 tra-

248 2736 405 2812 duxisset,
434 2735 520 2816 quod
549 2732 676 2797 obsides
703 2735 788 2797 inter
815 2753 870 2797 eos
899 2735 1020 2797 dandos
1048 2739 1201 2815 curasset,
1232 2737 1324 2815 quod

248 2862 286 2906 ea
313 2843 420 2905 omnia
446 2860 510 2903 non
541 2840 634 2903 modo
662 2842 789 2904 iniussu
817 2861 875 2903 suo
904 2846 936 2904 et
959 2842 1109 2921 civitatis,
1138 2841 1193 2903 sed
1222 2843 1324 2905 etiam

247 2949 456 3013 inscientibus
479 2950 556 3031 ipsis
579 2948 716 3024 fecisset,
745 2948 831 3029 quod
856 2969 874 3010 a
900 2949 1088 3030 magistratu
1108 2947 1354 3011 Haeduorums

248 3061 461 3136 accusaretur,
485 3057 562 3117 satis
586 3074 655 3118 esse
681 3073 793 3117 causae
814 3054 1040 3135 arbitrabatur,
1065 3074 1161 3135 quare
1185 3055 1218 3115 in
1244 3074 1323 3117 eum

248 3168 304 3224 aut
324 3164 392 3244 ipse
412 3163 677 3225 animadverteret
696 3168 751 3225 aut
769 3163 930 3224 civitatem
954 3161 1206 3224 animadvertere
1228 3161 1323 3226 iube-

221 3275 303 3333 1111
341 3270 390 3331 his
414 3269 562 3331 omnibus
580 3268 677 3332 rebus
700 3289 803 3330 unuin
823 3269 1032 3350 repugnabat,
1058 3268 1143 3350 quod
1161 3266 1322 3332 Diviciaci

247 3376 352 3438 fratris
371 3395 531 3438 summum
553 3377 589 3437 in
606 3375 760 3457 populum
780 3375 960 3437 Romanum
983 3376 1136 3455 studium,
1161 3394 1323 3439 summam

173 3531 175 3536 .
248 3485 282 3544 in
303 3502 336 3546 se
352 3483 563 3562 voluntatem,
583 3484 743 3564 egregiam
759 3481 868 3564 fidem,
888 3483 1057 3562 iustitiam,
1077 3482 1323 3563 temperantiam
1337 3507 1365 3548 1o

249 3566 453 3671 cbgnorerat3
478 3608 555 3650 nam
569 3608 609 3651 ne
624 3591 693 3652 eius
712 3589 868 3670 supplicio
883 3589 1040 3652 Diviciaci
1059 3591 1200 3650 animum
1221 3589 1322 3653 offen-

221 3695 339 3760 aderet
361 3695 538 3758 verebatur.
583 3697 690 3776 itaque
714 3697 803 3778 prius
828 3715 923 3778 quam
948 3697 1118 3776 quicquam
1142 3701 1323 3778 conaretur,

249 3802 448 3865 Diviciacum
476 3803 515 3864 ad
540 3821 573 3865 se
597 3804 705 3865 vocari
727 3803 818 3865 iubet
844 3808 877 3865 et
900 3803 1067 3864 cotidianis
1091 3802 1323 3884 interpretibus

339 4053 372 4104 15
397 4049 556 4119 uiturigibus
581 4050 650 4115 aaa)
696 4047 704 4119 Η
750 4049 784 4103 26
809 4049 888 4102 etiam
907 4049 1063 4117 inquirendo
1082 4068 1104 4100 π
1150 4047 1157 4119 tt
1204 4049 1237 4102 27
1263 4052 1323 4104 eins

249 4140 298 4192 del.
318 4140 386 4192 Duc.

338 4247 383 4301 19.
404 4246 420 4300 9
443 4246 668 4314 111111111111.χ;
690 4244 818 4312 populum
838 4252 877 4314 φβ
