2806 4778
177 331 238 393 166
575 346 680 399 BELLI
699 345 841 400 GALLICI

173 509 280 592 gebat,
305 510 437 588 veritus,
461 528 501 571 ne
524 514 622 570 noctu
647 528 688 570 ex
711 509 828 591 oppido
852 510 1071 592 profugerent,
1097 508 1178 572 duas
1201 509 1242 571 le-

147 617 284 698 rgiones
308 617 340 677 in
364 617 460 677 armis
484 616 644 678 excubare
673 615 769 678 iubet.
817 613 1019 678 Cenabenses
1045 616 1142 698 paulo
1172 625 1241 678 ante

174 723 311 786 mediam
335 728 461 785 noctem
485 723 613 785 silentio
643 741 684 785 ex
709 723 824 805 oppido
850 724 970 804 egressi
992 722 1115 785 flumen
1143 728 1241 785 trans-

146 831 220 896 sire
244 835 424 912 coeperunt.
473 848 535 912 qua
561 847 596 891 re
624 848 681 911 per
709 829 925 912 exploratores
952 831 1103 892 nuntiata
1132 828 1241 892 Caesar

173 936 327 1019 legiones,
353 956 431 1017 quas
455 936 621 1018 expeditas
645 955 713 999 esse
737 937 885 1017 iusserat,
908 937 1009 1019 portis
1032 938 1173 1000 incensis
1196 938 1273 999 in-ro

173 1045 319 1106 tromittit
343 1053 438 1124 atque
468 1043 583 1126 oppido
607 1044 726 1125 potitur
753 1045 920 1126 perpaucis
949 1063 990 1106 ex
1018 1044 1159 1106 hostium
1187 1064 1241 1105 nu·

174 1170 261 1213 mero
295 1150 492 1231 desideratis,
530 1151 606 1232 quin
641 1151 748 1212 cuncti
781 1155 983 1232 caperentur,
1022 1151 1109 1231 quod
1140 1152 1241 1233 pontis

174 1263 269 1338 atque
294 1259 446 1319 itinerum
462 1257 627 1340 angustiae
643 1257 843 1319 multitudini
865 1258 973 1340 fugam
989 1257 1241 1320 intercluserant.

148 1364 326 1446 aoppidum
351 1363 459 1445 diripit
483 1368 578 1444 atque
602 1363 758 1444 incendit,
785 1364 936 1445 praedam
959 1364 1117 1427 militibus
1141 1365 1242 1445 donat,

176 1471 352 1532 exercitum
375 1469 513 1552 ligerim
537 1470 675 1532 traducit
696 1476 792 1552 atque
815 1472 850 1532 in
874 1471 1057 1553 Biturigum
1072 1470 1154 1534 fines
1176 1491 1275 1553 per-a

121 1591 157 1644 12
175 1578 271 1639 venit.
317 1577 575 1659 Vercingetorix,
604 1577 660 1639 ubi
684 1578 723 1639 de
747 1574 889 1640 Caesaris
918 1577 1058 1640 adventu
1086 1580 1264 1660 cognorit,r

176 1685 411 1766 oppugnatione
440 1684 562 1747 desistit
590 1690 685 1764 atque
714 1685 840 1746 obviam
868 1682 996 1747 Caesari
1027 1684 1242 1766 proficiscitur.

149 1790 231 1853 aille
256 1792 407 1873 oppidum
430 1791 613 1873 Biturigum
636 1792 777 1873 positum
803 1792 839 1852 in
864 1792 915 1853 via
937 1791 1171 1854 Noviodunum
1194 1812 1244 1874 op·

147 1917 318 1981 epugnare
341 1899 529 1961 instituerat.
578 1918 640 1980 quo
670 1917 711 1960 ex
735 1899 849 1980 oppido
879 1918 953 1961 cum
980 1897 1076 1981 legati
1105 1900 1147 1961 ad
1175 1919 1245 1962 eum

176 2006 338 2068 venissent
367 2012 504 2086 oratum,
532 2010 568 2066 ut
595 2005 657 2066 sibi
684 2006 862 2087 ignosceret
889 2023 1029 2086 suaeque
1059 2007 1145 2068 ritae
1175 2025 1268 2068 eon-a

176 2111 307 2194 suleret,
331 2119 367 2175 ut
390 2112 552 2175 celeritate
575 2112 716 2194 reliquas
731 2131 783 2175 res
799 2111 983 2194 conficeret,
1008 2131 1072 2194 qua
1094 2112 1246 2195 pleraque

176 2228 243 2282 erat
276 2226 478 2299 consecutus,
514 2239 602 2280 arma
629 2219 779 2299 conferri,
812 2237 910 2300 equos
938 2220 1086 2302 produci,
1121 2220 1247 2283 obsides

148 2325 244 2387 adari
268 2325 365 2388 iubet.
410 2331 499 2407 parte
523 2327 587 2388 iam
612 2327 760 2389 obsidum
784 2325 912 2406 tradita,
941 2345 1015 2389 cum
1038 2326 1167 2409 reliqua
1196 2327 1248 2389 ad·

178 2434 446 2513 ministrarentur,
471 2433 712 2495 centurionibus
737 2437 768 2496 et
787 2434 897 2515 paucis
913 2432 1069 2496 militibus
1086 2435 1249 2498 intromis-

177 2540 232 2618 sis,
258 2540 312 2619 qui
328 2559 415 2601 arma
432 2540 638 2621 iumentaque
660 2541 898 2621 conquirerent,
923 2541 1083 2621 equitatus
1107 2541 1276 2604 hostiumn

176 2646 287 2727 procul
311 2646 400 2708 visus
424 2655 483 2726 est,
508 2648 562 2727 qui
587 2666 701 2729 agmen
724 2646 998 2730 Vercingetorigis
1026 2652 1248 2712 antecesserat.

150 2771 273 2834 aquem
298 2753 513 2835 simulatque
539 2754 689 2835 oppidani
713 2759 950 2836 conspexerunt
978 2759 1072 2835 atque
1101 2756 1136 2816 in
1162 2775 1249 2838 spem

178 2860 290 2921 auxilii
322 2866 492 2942 venerunt,
530 2860 667 2923 clamore
701 2861 824 2923 sublato
858 2880 946 2922 arma
978 2880 1103 2943 capere,
1142 2869 1249 2945 portas

150 2966 339 3048 aclaudere,
376 2987 505 3030 murum
541 2968 700 3050 complere
738 2974 918 3050 coeperunt.
974 2970 1180 3032 centuriones
1216 2972 1250 3031 in

178 3074 308 3157 oppido,
337 3095 409 3137 curn
439 3094 480 3138 ex
504 3074 736 3158 significatione
765 3075 929 3138 Gallorum
956 3077 1032 3138 novi
1060 3075 1185 3156 aliquid
1211 3075 1248 3137 ab
1262 3091 1283 3132 15

177 3183 216 3243 iis
240 3183 314 3244 iniri
340 3183 464 3245 consilii
487 3182 733 3263 intellexissent,
757 3181 873 3264 gladiis
893 3182 1050 3245 destrictis
1065 3189 1174 3264 portas
1199 3202 1249 3245 oc·

120 3297 159 3351 13
178 3296 374 3371 cupaverunt
396 3308 535 3370 suosque
561 3308 671 3352 omnes
694 3289 872 3352 incolumes
895 3294 1090 3372 receperunt.
1134 3287 1273 3351 Caesari

179 3414 220 3458 ex
253 3397 363 3458 castris
396 3396 573 3477 equitatum
602 3396 695 3458 educi
728 3396 818 3458 iubet
850 3395 1070 3478 proeliumque
1100 3400 1249 3476 equestre

179 3503 359 3578 committit;
394 3501 612 3565 laborantibus
641 3504 705 3565 iam
734 3504 800 3566 suis
829 3503 1004 3566 Germanos
1030 3503 1155 3582 equites
1191 3504 1249 3566 cir·

269 3732 301 3782 17
322 3730 490 3785 Cenabenses
510 3732 539 3785 X
577 3734 586 3800 ll
629 3733 661 3785 19
681 3732 780 3785 caesari
800 3752 817 3783 a
858 3734 866 3801 {l
908 3731 942 3783 22
965 3730 1053 3784 cuncti
1073 3749 1103 3797 “3
1131 3731 1189 3784 uiui
1208 3739 1225 3798 ,a
1242 3732 1250 3800 ll

180 3819 213 3872 23
233 3819 409 3872 multitudinis
429 3840 446 3872 a
478 3823 486 3890 (l
519 3821 703 3874 intercluserat
721 3821 756 3890 pf
782 3822 790 3888 ll
824 3821 987 3890 25lige1·em
1007 3840 1024 3871 a

268 3908 312 3962 12.
334 3909 349 3961 2
369 3910 401 3962 ab
420 3910 649 3978 oppugnationop
681 3915 689 3976 ll
723 3910 824 3962 destitit
843 3929 860 3961 n
892 3911 901 3978 ll
934 3909 1113 3978 3Biturigum
1133 3911 1250 3979 positum

178 3997 205 4050 in
224 3997 268 4050 ria
286 3997 474 4052 Noviodunum
497 4016 549 4051 om.
571 4018 587 4048 n
624 4000 633 4066 l
671 3999 817 4053 iconferri
843 4017 871 4065 «3
896 3998 1041 4066 proferrip
1077 4000 1086 4067 ll
1122 3999 1148 4052 8.
1169 4001 1185 4054 9
1205 4001 1250 4053 ad·

179 4087 396 4153 ministr-altura
428 4089 436 4155 ll
469 4089 499 4139 11
521 4090 753 4152 antecesserantp
790 4089 798 4154 l!
836 4090 869 4141 16
888 4088 931 4141 his
952 4088 990 4155 Ss
1022 4094 1030 4156 ll
1067 4087 1172 4142 consilii
1191 4090 1251 4141 iniri

173 4182 195 4242 β
227 4178 235 4245 ll
268 4176 393 4229 districtis
407 4176 494 4246 2M²f

269 4266 313 4320 13.
335 4267 350 4318 2
370 4283 421 4334 que
441 4284 493 4319 ona
514 4286 532 4318 n
