<?xml version="1.0" encoding="UTF-8"?>
<!DOCTYPE html PUBLIC "-//W3C//DTD XHTML 1.0 Transitional//EN"
    "http://www.w3.org/TR/xhtml1/DTD/xhtml1-transitional.dtd">
<html xmlns="http://www.w3.org/1999/xhtml" xml:lang="en" lang="en">
 <head>
  <title>
</title>
<meta http-equiv="Content-Type" content="text/html;charset=utf-8" />
  <meta name='ocr-system' content='tesseract 3.04.00' />
  <meta name='ocr-capabilities' content='ocr_page ocr_carea ocr_par ocr_line ocrx_word'/>
</head>
<body>
  <div class='ocr_page' id='page_1' title='image "./ciuliicaesarisb00meusgoog_0029.png"; bbox 0 0 2806 4778; ppageno 0'>
   <div class='ocr_carea' id='block_1_1' title="bbox 458 297 1177 368">
    <p class='ocr_par' dir='ltr' id='par_1_1' title="bbox 458 297 1177 368">
     <span class='ocr_line' id='line_1_1' title="bbox 458 297 1177 368; baseline -0.011 -1"><span class='ocrx_word' id='word_1_1' title='bbox 458 313 566 367; x_wconf 83' lang='lat' dir='ltr'>LIBER</span> <span class='ocrx_word' id='word_1_2' title='bbox 583 313 605 367; x_wconf 87' lang='lat'>1.</span> <span class='ocrx_word' id='word_1_3' title='bbox 625 313 701 368; x_wconf 80' lang='lat' dir='ltr'><strong>CAP.</strong></span> <span class='ocrx_word' id='word_1_4' title='bbox 718 313 835 366; x_wconf 81' lang='lat'>12-14.</span> <span class='ocrx_word' id='word_1_5' title='bbox 1159 297 1177 359; x_wconf 89' lang='grc'>9</span> 
     </span>
    </p>
   </div>
   <div class='ocr_carea' id='block_1_2' title="bbox 30 476 1268 3548">
    <p class='ocr_par' dir='ltr' id='par_1_2' title="bbox 109 476 1206 880">
     <span class='ocr_line' id='line_1_2' title="bbox 111 476 1206 560; baseline 0 -19"><span class='ocrx_word' id='word_1_6' title='bbox 111 477 264 542; x_wconf 80' lang='lat' dir='ltr'>tribueret</span> <span class='ocrx_word' id='word_1_7' title='bbox 292 484 347 539; x_wconf 91' lang='lat' dir='ltr'>aut</span> <span class='ocrx_word' id='word_1_8' title='bbox 373 478 459 560; x_wconf 91' lang='lat' dir='ltr'>ipsos</span> <span class='ocrx_word' id='word_1_9' title='bbox 483 477 666 559; x_wconf 88' lang='lat' dir='ltr'>despiceret.</span> <span class='ocrx_word' id='word_1_10' title='bbox 713 495 747 539; x_wconf 90' lang='lat' dir='ltr'>se</span> <span class='ocrx_word' id='word_1_11' title='bbox 770 477 815 538; x_wconf 91' lang='lat' dir='ltr'>ita</span> <span class='ocrx_word' id='word_1_12' title='bbox 839 495 857 537; x_wconf 87' lang='lat' dir='ltr'>a</span> <span class='ocrx_word' id='word_1_13' title='bbox 879 476 1022 558; x_wconf 90' lang='lat' dir='ltr'>patribus</span> <span class='ocrx_word' id='word_1_14' title='bbox 1048 476 1206 541; x_wconf 84' lang='lat' dir='ltr'>maiori-o</span> 
     </span>
     <span class='ocr_line' id='line_1_3' title="bbox 109 583 1179 666; baseline -0.004 -18"><span class='ocrx_word' id='word_1_15' title='bbox 109 585 234 666; x_wconf 88' lang='lat' dir='ltr'>busque</span> <span class='ocrx_word' id='word_1_16' title='bbox 253 587 320 648; x_wconf 90' lang='lat' dir='ltr'>suis</span> <span class='ocrx_word' id='word_1_17' title='bbox 340 584 503 666; x_wconf 76' lang='lat' dir='ltr'>didicisse,</span> <span class='ocrx_word' id='word_1_18' title='bbox 522 588 560 646; x_wconf 90' lang='lat' dir='ltr'>ut</span> <span class='ocrx_word' id='word_1_19' title='bbox 576 584 678 666; x_wconf 85' lang='lat' dir='ltr'>magis</span> <span class='ocrx_word' id='word_1_20' title='bbox 697 584 815 646; x_wconf 89' lang='lat' dir='ltr'>virtute</span> <span class='ocrx_word' id='word_1_21' title='bbox 834 583 1063 645; x_wconf 78' lang='lat' dir='ltr'>contenderent</span> <span class='ocrx_word' id='word_1_22' title='bbox 1082 601 1179 662; x_wconf 88' lang='lat' dir='ltr'>quam</span> 
     </span>
     <span class='ocr_line' id='line_1_4' title="bbox 110 690 1205 770; baseline 0.001 -17"><span class='ocrx_word' id='word_1_23' title='bbox 110 692 182 754; x_wconf 91' lang='lat' dir='ltr'>dolo</span> <span class='ocrx_word' id='word_1_24' title='bbox 212 698 266 754; x_wconf 90' lang='lat' dir='ltr'>aut</span> <span class='ocrx_word' id='word_1_25' title='bbox 297 691 425 753; x_wconf 85' lang='lat' dir='ltr'>insidiis</span> <span class='ocrx_word' id='word_1_26' title='bbox 452 691 639 753; x_wconf 89' lang='lat' dir='ltr'>niterentur.</span> <span class='ocrx_word' id='word_1_27' title='bbox 692 708 789 770; x_wconf 90' lang='lat' dir='ltr'>quare</span> <span class='ocrx_word' id='word_1_28' title='bbox 819 708 860 753; x_wconf 93' lang='lat' dir='ltr'>ne</span> <span class='ocrx_word' id='word_1_29' title='bbox 889 690 1111 769; x_wconf 88' lang='lat' dir='ltr'>committeret,</span> <span class='ocrx_word' id='word_1_30' title='bbox 1142 694 1205 754; x_wconf 82' lang='lat' dir='ltr'>utr</span> 
     </span>
     <span class='ocr_line' id='line_1_5' title="bbox 109 795 1180 880; baseline -0.003 -20"><span class='ocrx_word' id='word_1_31' title='bbox 109 799 136 860; x_wconf 90' lang='lat' dir='ltr'>is</span> <span class='ocrx_word' id='word_1_32' title='bbox 155 798 257 880; x_wconf 91' lang='lat' dir='ltr'>locus,</span> <span class='ocrx_word' id='word_1_33' title='bbox 281 797 339 860; x_wconf 93' lang='lat' dir='ltr'>ubi</span> <span class='ocrx_word' id='word_1_34' title='bbox 358 797 581 877; x_wconf 72' lang='lat' dir='ltr'>constitissent,</span> <span class='ocrx_word' id='word_1_35' title='bbox 601 816 643 860; x_wconf 81' lang='lat' dir='ltr'>ex</span> <span class='ocrx_word' id='word_1_36' title='bbox 666 797 842 865; x_wconf 80' lang='lat' dir='ltr'>calamitate</span> <span class='ocrx_word' id='word_1_37' title='bbox 865 796 975 879; x_wconf 90' lang='lat' dir='ltr'>populi</span> <span class='ocrx_word' id='word_1_38' title='bbox 993 795 1129 858; x_wconf 88' lang='lat' dir='ltr'>Romani</span> <span class='ocrx_word' id='word_1_39' title='bbox 1148 801 1180 859; x_wconf 90' lang='lat' dir='ltr'>et</span> 
     </span>
    </p>

    <p class='ocr_par' dir='ltr' id='par_1_3' title="bbox 69 904 1231 1413">
     <span class='ocr_line' id='line_1_6' title="bbox 69 904 1179 986; baseline -0.005 -17"><span class='ocrx_word' id='word_1_40' title='bbox 69 928 96 969; x_wconf 90' lang='lat'>20</span> <span class='ocrx_word' id='word_1_41' title='bbox 110 905 325 967; x_wconf 87' lang='lat' dir='ltr'>internecione</span> <span class='ocrx_word' id='word_1_42' title='bbox 349 904 508 967; x_wconf 84' lang='lat' dir='ltr'>exercitus</span> <span class='ocrx_word' id='word_1_43' title='bbox 530 922 648 967; x_wconf 90' lang='lat' dir='ltr'>nomen</span> <span class='ocrx_word' id='word_1_44' title='bbox 673 908 800 986; x_wconf 90' lang='lat' dir='ltr'>caperet</span> <span class='ocrx_word' id='word_1_45' title='bbox 823 911 878 965; x_wconf 92' lang='lat' dir='ltr'>aut</span> <span class='ocrx_word' id='word_1_46' title='bbox 899 904 1087 966; x_wconf 84' lang='lat' dir='ltr'>memoriam</span> <span class='ocrx_word' id='word_1_47' title='bbox 1107 920 1179 984; x_wconf 90' lang='lat' dir='ltr'>pro·</span> 
     </span>
     <span class='ocr_line' id='line_1_7' title="bbox 83 993 1231 1093; baseline -0.003 -19"><span class='ocrx_word' id='word_1_48' title='bbox 83 1012 207 1074; x_wconf 89' lang='lat' dir='ltr'>1deret.</span> <span class='ocrx_word' id='word_1_49' title='bbox 239 1010 300 1072; x_wconf 88' lang='lat' dir='ltr'>His</span> <span class='ocrx_word' id='word_1_50' title='bbox 316 1009 431 1074; x_wconf 82' lang='lat' dir='ltr'>Caesar</span> <span class='ocrx_word' id='word_1_51' title='bbox 448 1012 493 1072; x_wconf 86' lang='lat' dir='ltr'>ita</span> <span class='ocrx_word' id='word_1_52' title='bbox 510 1009 687 1093; x_wconf 90' lang='lat' dir='ltr'>respondit:</span> <span class='ocrx_word' id='word_1_53' title='bbox 713 1028 750 1073; x_wconf 90' lang='lat' dir='ltr'>eo</span> <span class='ocrx_word' id='word_1_54' title='bbox 765 1009 826 1072; x_wconf 92' lang='lat' dir='ltr'>sibi</span> <span class='ocrx_word' id='word_1_55' title='bbox 844 993 952 1072; x_wconf 84' lang='lat' dir='ltr'>minus</span> <span class='ocrx_word' id='word_1_56' title='bbox 971 1008 1178 1072; x_wconf 91' lang='lat' dir='ltr'>dubitationis</span> <span class='ocrx_word' id='word_1_57' title='bbox 1196 1026 1231 1079; x_wconf 83' lang='lat'>14</span> 
     </span>
     <span class='ocr_line' id='line_1_8' title="bbox 110 1116 1177 1200; baseline -0.001 -22"><span class='ocrx_word' id='word_1_58' title='bbox 110 1117 192 1200; x_wconf 88' lang='lat' dir='ltr'>dari,</span> <span class='ocrx_word' id='word_1_59' title='bbox 218 1119 303 1198; x_wconf 90' lang='lat' dir='ltr'>quod</span> <span class='ocrx_word' id='word_1_60' title='bbox 327 1137 379 1181; x_wconf 89' lang='lat' dir='ltr'>eas</span> <span class='ocrx_word' id='word_1_61' title='bbox 402 1137 467 1199; x_wconf 90' lang='lat' dir='ltr'>res,</span> <span class='ocrx_word' id='word_1_62' title='bbox 492 1137 571 1200; x_wconf 88' lang='lat' dir='ltr'>quas</span> <span class='ocrx_word' id='word_1_63' title='bbox 594 1118 690 1199; x_wconf 82' lang='lat' dir='ltr'>legati</span> <span class='ocrx_word' id='word_1_64' title='bbox 708 1116 850 1180; x_wconf 84' lang='lat' dir='ltr'>Helvetii</span> <span class='ocrx_word' id='word_1_65' title='bbox 869 1120 1177 1196; x_wconf 88' lang='lat' dir='ltr'>commemorassent,</span> 
     </span>
     <span class='ocr_line' id='line_1_9' title="bbox 110 1223 1177 1307; baseline -0.001 -22"><span class='ocrx_word' id='word_1_66' title='bbox 110 1225 263 1287; x_wconf 89' lang='lat' dir='ltr'>memoria</span> <span class='ocrx_word' id='word_1_67' title='bbox 280 1230 414 1307; x_wconf 88' lang='lat' dir='ltr'>teneret,</span> <span class='ocrx_word' id='word_1_68' title='bbox 435 1231 529 1306; x_wconf 88' lang='lat' dir='ltr'>atque</span> <span class='ocrx_word' id='word_1_69' title='bbox 550 1242 586 1286; x_wconf 91' lang='lat' dir='ltr'>eo</span> <span class='ocrx_word' id='word_1_70' title='bbox 601 1225 731 1306; x_wconf 82' lang='lat' dir='ltr'>gravius</span> <span class='ocrx_word' id='word_1_71' title='bbox 749 1223 845 1304; x_wconf 85' lang='lat' dir='ltr'>ferre,</span> <span class='ocrx_word' id='word_1_72' title='bbox 865 1243 928 1305; x_wconf 89' lang='lat' dir='ltr'>quo</span> <span class='ocrx_word' id='word_1_73' title='bbox 944 1223 1051 1284; x_wconf 91' lang='lat' dir='ltr'>minus</span> <span class='ocrx_word' id='word_1_74' title='bbox 1064 1223 1177 1284; x_wconf 91' lang='lat' dir='ltr'>merito</span> 
     </span>
     <span class='ocr_line' id='line_1_10' title="bbox 108 1328 1204 1413; baseline 0 -21"><span class='ocrx_word' id='word_1_75' title='bbox 108 1331 218 1413; x_wconf 89' lang='lat' dir='ltr'>populi</span> <span class='ocrx_word' id='word_1_76' title='bbox 240 1332 377 1394; x_wconf 85' lang='lat' dir='ltr'>Romani</span> <span class='ocrx_word' id='word_1_77' title='bbox 405 1331 613 1408; x_wconf 81' lang='lat' dir='ltr'>accidissent3</span> <span class='ocrx_word' id='word_1_78' title='bbox 645 1331 754 1411; x_wconf 92' lang='lat' dir='ltr'>quisi</span> <span class='ocrx_word' id='word_1_79' title='bbox 782 1330 919 1395; x_wconf 91' lang='lat' dir='ltr'>alicuius</span> <span class='ocrx_word' id='word_1_80' title='bbox 948 1330 1085 1392; x_wconf 89' lang='lat' dir='ltr'>iniuriae</span> <span class='ocrx_word' id='word_1_81' title='bbox 1113 1328 1204 1392; x_wconf 79' lang='lat' dir='ltr'>sibia</span> 
     </span>
    </p>

    <p class='ocr_par' dir='ltr' id='par_1_4' title="bbox 81 1436 1204 1945">
     <span class='ocr_line' id='line_1_11' title="bbox 81 1436 1177 1519; baseline -0.004 -16"><span class='ocrx_word' id='word_1_82' title='bbox 81 1439 255 1503; x_wconf 80' lang='lat' dir='ltr'>aconscius</span> <span class='ocrx_word' id='word_1_83' title='bbox 282 1438 410 1519; x_wconf 90' lang='lat' dir='ltr'>fuisset,</span> <span class='ocrx_word' id='word_1_84' title='bbox 438 1457 505 1500; x_wconf 93' lang='lat' dir='ltr'>non</span> <span class='ocrx_word' id='word_1_85' title='bbox 533 1436 633 1500; x_wconf 85' lang='lat' dir='ltr'>fuisse</span> <span class='ocrx_word' id='word_1_86' title='bbox 662 1436 791 1500; x_wconf 90' lang='lat' dir='ltr'>difficile</span> <span class='ocrx_word' id='word_1_87' title='bbox 819 1455 943 1514; x_wconf 81' lang='lat' dir='ltr'>cavere3</span> <span class='ocrx_word' id='word_1_88' title='bbox 973 1436 1029 1500; x_wconf 90' lang='lat' dir='ltr'>sed</span> <span class='ocrx_word' id='word_1_89' title='bbox 1058 1455 1094 1499; x_wconf 89' lang='lat' dir='ltr'>eo</span> <span class='ocrx_word' id='word_1_90' title='bbox 1123 1436 1177 1499; x_wconf 90' lang='lat' dir='ltr'>de-</span> 
     </span>
     <span class='ocr_line' id='line_1_12' title="bbox 108 1543 1177 1628; baseline 0 -21"><span class='ocrx_word' id='word_1_91' title='bbox 108 1550 247 1628; x_wconf 90' lang='lat' dir='ltr'>ceptum,</span> <span class='ocrx_word' id='word_1_92' title='bbox 273 1545 358 1626; x_wconf 90' lang='lat' dir='ltr'>quod</span> <span class='ocrx_word' id='word_1_93' title='bbox 381 1563 487 1626; x_wconf 88' lang='lat' dir='ltr'>neque</span> <span class='ocrx_word' id='word_1_94' title='bbox 511 1546 716 1606; x_wconf 88' lang='lat' dir='ltr'>commissum</span> <span class='ocrx_word' id='word_1_95' title='bbox 740 1564 759 1606; x_wconf 89' lang='lat' dir='ltr'>a</span> <span class='ocrx_word' id='word_1_96' title='bbox 782 1562 816 1606; x_wconf 92' lang='lat' dir='ltr'>se</span> <span class='ocrx_word' id='word_1_97' title='bbox 839 1543 1052 1625; x_wconf 76' lang='lat' dir='ltr'>intellegeret,</span> <span class='ocrx_word' id='word_1_98' title='bbox 1080 1563 1177 1625; x_wconf 91' lang='lat' dir='ltr'>quare</span> 
     </span>
     <span class='ocr_line' id='line_1_13' title="bbox 107 1650 1204 1733; baseline -0.002 -18"><span class='ocrx_word' id='word_1_99' title='bbox 107 1653 245 1733; x_wconf 91' lang='lat' dir='ltr'>timeret,</span> <span class='ocrx_word' id='word_1_100' title='bbox 279 1670 384 1732; x_wconf 90' lang='lat' dir='ltr'>neque</span> <span class='ocrx_word' id='word_1_101' title='bbox 417 1653 486 1714; x_wconf 91' lang='lat' dir='ltr'>sine</span> <span class='ocrx_word' id='word_1_102' title='bbox 519 1670 616 1713; x_wconf 90' lang='lat' dir='ltr'>causa</span> <span class='ocrx_word' id='word_1_103' title='bbox 644 1650 823 1713; x_wconf 92' lang='lat' dir='ltr'>timendum</span> <span class='ocrx_word' id='word_1_104' title='bbox 851 1655 983 1732; x_wconf 86' lang='lat' dir='ltr'>putaret.</span> <span class='ocrx_word' id='word_1_105' title='bbox 1036 1650 1122 1732; x_wconf 91' lang='lat' dir='ltr'>quod</span> <span class='ocrx_word' id='word_1_106' title='bbox 1150 1652 1204 1713; x_wconf 83' lang='lat' dir='ltr'>sie</span> 
     </span>
     <span class='ocr_line' id='line_1_14' title="bbox 106 1757 1176 1833; baseline 0.001 -15"><span class='ocrx_word' id='word_1_107' title='bbox 106 1760 225 1821; x_wconf 89' lang='lat' dir='ltr'>veteris</span> <span class='ocrx_word' id='word_1_108' title='bbox 249 1758 462 1820; x_wconf 88' lang='lat' dir='ltr'>contumeliae</span> <span class='ocrx_word' id='word_1_109' title='bbox 486 1757 631 1819; x_wconf 84' lang='lat' dir='ltr'>oblivisci</span> <span class='ocrx_word' id='word_1_110' title='bbox 651 1757 759 1833; x_wconf 87' lang='lat' dir='ltr'>vellet,</span> <span class='ocrx_word' id='word_1_111' title='bbox 784 1776 863 1818; x_wconf 91' lang='lat' dir='ltr'>num</span> <span class='ocrx_word' id='word_1_112' title='bbox 887 1757 983 1819; x_wconf 90' lang='lat' dir='ltr'>etiam</span> <span class='ocrx_word' id='word_1_113' title='bbox 1001 1758 1176 1820; x_wconf 88' lang='lat' dir='ltr'>recentium</span> 
     </span>
     <span class='ocr_line' id='line_1_15' title="bbox 106 1863 1176 1945; baseline -0.001 -19"><span class='ocrx_word' id='word_1_114' title='bbox 106 1865 314 1943; x_wconf 87' lang='lat' dir='ltr'>iniuriarum,</span> <span class='ocrx_word' id='word_1_115' title='bbox 344 1863 428 1944; x_wconf 87' lang='lat' dir='ltr'>quod</span> <span class='ocrx_word' id='word_1_116' title='bbox 455 1882 491 1924; x_wconf 91' lang='lat' dir='ltr'>eo</span> <span class='ocrx_word' id='word_1_117' title='bbox 515 1864 616 1924; x_wconf 84' lang='lat' dir='ltr'>invito</span> <span class='ocrx_word' id='word_1_118' title='bbox 641 1863 702 1924; x_wconf 91' lang='lat' dir='ltr'>iter</span> <span class='ocrx_word' id='word_1_119' title='bbox 730 1881 786 1944; x_wconf 92' lang='lat' dir='ltr'>per</span> <span class='ocrx_word' id='word_1_120' title='bbox 809 1864 1005 1944; x_wconf 87' lang='lat' dir='ltr'>provinciam</span> <span class='ocrx_word' id='word_1_121' title='bbox 1029 1864 1176 1945; x_wconf 83' lang='lat' dir='ltr'>pervim</span> 
     </span>
    </p>

    <p class='ocr_par' dir='ltr' id='par_1_5' title="bbox 66 1968 1203 2267">
     <span class='ocr_line' id='line_1_16' title="bbox 66 1968 1176 2052; baseline -0.002 -18"><span class='ocrx_word' id='word_1_122' title='bbox 66 1994 94 2034; x_wconf 87' lang='lat'>10</span> <span class='ocrx_word' id='word_1_123' title='bbox 109 1975 328 2052; x_wconf 87' lang='lat' dir='ltr'>temptassent,</span> <span class='ocrx_word' id='word_1_124' title='bbox 357 1969 443 2050; x_wconf 93' lang='lat' dir='ltr'>quod</span> <span class='ocrx_word' id='word_1_125' title='bbox 466 1968 632 2050; x_wconf 85' lang='lat' dir='ltr'>Haeduos,</span> <span class='ocrx_word' id='word_1_126' title='bbox 658 1969 743 2050; x_wconf 92' lang='lat' dir='ltr'>quod</span> <span class='ocrx_word' id='word_1_127' title='bbox 766 1969 952 2051; x_wconf 85' lang='lat' dir='ltr'>Ambarros,</span> <span class='ocrx_word' id='word_1_128' title='bbox 977 1970 1063 2051; x_wconf 90' lang='lat' dir='ltr'>quod</span> <span class='ocrx_word' id='word_1_129' title='bbox 1086 1969 1176 2032; x_wconf 86' lang='lat' dir='ltr'>Allo-</span> 
     </span>
     <span class='ocr_line' id='line_1_17' title="bbox 107 2075 1203 2159; baseline 0.001 -21"><span class='ocrx_word' id='word_1_130' title='bbox 107 2075 222 2158; x_wconf 84' lang='lat' dir='ltr'>brogas</span> <span class='ocrx_word' id='word_1_131' title='bbox 246 2082 430 2157; x_wconf 83' lang='lat' dir='ltr'>vexassent,</span> <span class='ocrx_word' id='word_1_132' title='bbox 456 2077 642 2139; x_wconf 89' lang='lat' dir='ltr'>memoriam</span> <span class='ocrx_word' id='word_1_133' title='bbox 667 2076 825 2158; x_wconf 87' lang='lat' dir='ltr'>deponere</span> <span class='ocrx_word' id='word_1_134' title='bbox 848 2077 961 2159; x_wconf 79' lang='lat' dir='ltr'>posse?</span> <span class='ocrx_word' id='word_1_135' title='bbox 1009 2077 1095 2158; x_wconf 89' lang='lat' dir='ltr'>quod</span> <span class='ocrx_word' id='word_1_136' title='bbox 1119 2097 1203 2140; x_wconf 71' lang='lat' dir='ltr'>suar</span> 
     </span>
     <span class='ocr_line' id='line_1_18' title="bbox 107 2183 1175 2267; baseline 0.002 -22"><span class='ocrx_word' id='word_1_137' title='bbox 107 2183 241 2246; x_wconf 86' lang='lat' dir='ltr'>victoria</span> <span class='ocrx_word' id='word_1_138' title='bbox 269 2188 333 2246; x_wconf 92' lang='lat' dir='ltr'>tam</span> <span class='ocrx_word' id='word_1_139' title='bbox 360 2183 535 2246; x_wconf 89' lang='lat' dir='ltr'>insolenter</span> <span class='ocrx_word' id='word_1_140' title='bbox 557 2183 769 2267; x_wconf 85' lang='lat' dir='ltr'>gloriarentur</span> <span class='ocrx_word' id='word_1_141' title='bbox 793 2183 941 2265; x_wconf 89' lang='lat' dir='ltr'>quodque</span> <span class='ocrx_word' id='word_1_142' title='bbox 969 2184 1114 2247; x_wconf 89' lang='lat' dir='ltr'>tamdiu</span> <span class='ocrx_word' id='word_1_143' title='bbox 1141 2203 1175 2247; x_wconf 90' lang='lat' dir='ltr'>se</span> 
     </span>
    </p>

    <p class='ocr_par' dir='ltr' id='par_1_6' title="bbox 30 2290 1202 2481">
     <span class='ocr_line' id='line_1_19' title="bbox 30 2290 1174 2374; baseline 0.002 -21"><span class='ocrx_word' id='word_1_144' title='bbox 30 2329 32 2333; x_wconf 92' lang='lat'><em>-</em></span> <span class='ocrx_word' id='word_1_145' title='bbox 106 2291 239 2373; x_wconf 89' lang='lat' dir='ltr'>impune</span> <span class='ocrx_word' id='word_1_146' title='bbox 262 2291 397 2354; x_wconf 89' lang='lat' dir='ltr'>iniurias</span> <span class='ocrx_word' id='word_1_147' title='bbox 424 2291 571 2353; x_wconf 90' lang='lat' dir='ltr'>intulisse</span> <span class='ocrx_word' id='word_1_148' title='bbox 600 2291 844 2372; x_wconf 84' lang='lat' dir='ltr'>admirarentur,</span> <span class='ocrx_word' id='word_1_149' title='bbox 873 2290 984 2353; x_wconf 90' lang='lat' dir='ltr'>eodem</span> <span class='ocrx_word' id='word_1_150' title='bbox 1007 2292 1174 2374; x_wconf 90' lang='lat' dir='ltr'>pertinere.</span> 
     </span>
     <span class='ocr_line' id='line_1_20' title="bbox 106 2398 1202 2481; baseline 0.001 -21"><span class='ocrx_word' id='word_1_151' title='bbox 106 2416 276 2461; x_wconf 89' lang='lat' dir='ltr'>consuesse</span> <span class='ocrx_word' id='word_1_152' title='bbox 300 2399 387 2460; x_wconf 91' lang='lat' dir='ltr'>enim</span> <span class='ocrx_word' id='word_1_153' title='bbox 406 2398 482 2461; x_wconf 91' lang='lat' dir='ltr'>deos</span> <span class='ocrx_word' id='word_1_154' title='bbox 501 2398 708 2480; x_wconf 86' lang='lat' dir='ltr'>immortales,</span> <span class='ocrx_word' id='word_1_155' title='bbox 733 2417 796 2479; x_wconf 90' lang='lat' dir='ltr'>quo</span> <span class='ocrx_word' id='word_1_156' title='bbox 815 2399 946 2481; x_wconf 83' lang='lat' dir='ltr'>gravius</span> <span class='ocrx_word' id='word_1_157' title='bbox 969 2399 1115 2461; x_wconf 90' lang='lat' dir='ltr'>homines</span> <span class='ocrx_word' id='word_1_158' title='bbox 1134 2417 1202 2462; x_wconf 77' lang='lat' dir='ltr'>exo</span> 
     </span>
    </p>

    <p class='ocr_par' dir='ltr' id='par_1_7' title="bbox 65 2505 1201 3014">
     <span class='ocr_line' id='line_1_21' title="bbox 65 2505 1175 2586; baseline 0.001 -19"><span class='ocrx_word' id='word_1_159' title='bbox 65 2528 92 2568; x_wconf 83' lang='lat'>15</span> <span class='ocrx_word' id='word_1_160' title='bbox 106 2506 354 2568; x_wconf 87' lang='lat' dir='ltr'>commutatione</span> <span class='ocrx_word' id='word_1_161' title='bbox 387 2524 494 2567; x_wconf 88' lang='lat' dir='ltr'>rerum</span> <span class='ocrx_word' id='word_1_162' title='bbox 527 2505 669 2585; x_wconf 89' lang='lat' dir='ltr'>doleant,</span> <span class='ocrx_word' id='word_1_163' title='bbox 707 2524 788 2585; x_wconf 89' lang='lat' dir='ltr'>quos</span> <span class='ocrx_word' id='word_1_164' title='bbox 824 2525 881 2586; x_wconf 92' lang='lat' dir='ltr'>pro</span> <span class='ocrx_word' id='word_1_165' title='bbox 914 2505 1032 2568; x_wconf 87' lang='lat' dir='ltr'>scelere</span> <span class='ocrx_word' id='word_1_166' title='bbox 1064 2524 1175 2568; x_wconf 90' lang='lat' dir='ltr'>eorum</span> 
     </span>
     <span class='ocr_line' id='line_1_22' title="bbox 106 2610 1174 2690; baseline 0.003 -18"><span class='ocrx_word' id='word_1_167' title='bbox 106 2611 218 2673; x_wconf 90' lang='lat' dir='ltr'>ulcisci</span> <span class='ocrx_word' id='word_1_168' title='bbox 242 2612 355 2690; x_wconf 87' lang='lat' dir='ltr'>velint,</span> <span class='ocrx_word' id='word_1_169' title='bbox 382 2612 431 2674; x_wconf 93' lang='lat' dir='ltr'>his</span> <span class='ocrx_word' id='word_1_170' title='bbox 455 2610 658 2674; x_wconf 89' lang='lat' dir='ltr'>secundiores</span> <span class='ocrx_word' id='word_1_171' title='bbox 681 2612 843 2674; x_wconf 91' lang='lat' dir='ltr'>interdum</span> <span class='ocrx_word' id='word_1_172' title='bbox 866 2631 917 2675; x_wconf 91' lang='lat' dir='ltr'>res</span> <span class='ocrx_word' id='word_1_173' title='bbox 940 2618 971 2675; x_wconf 92' lang='lat' dir='ltr'>et</span> <span class='ocrx_word' id='word_1_174' title='bbox 996 2613 1174 2675; x_wconf 89' lang='lat' dir='ltr'>diuturnio-</span> 
     </span>
     <span class='ocr_line' id='line_1_23' title="bbox 106 2719 1201 2800; baseline 0.004 -22"><span class='ocrx_word' id='word_1_175' title='bbox 106 2735 174 2779; x_wconf 89' lang='lat' dir='ltr'>rem</span> <span class='ocrx_word' id='word_1_176' title='bbox 200 2719 423 2799; x_wconf 86' lang='lat' dir='ltr'>impunitatem</span> <span class='ocrx_word' id='word_1_177' title='bbox 447 2719 627 2781; x_wconf 90' lang='lat' dir='ltr'>concedere.</span> <span class='ocrx_word' id='word_1_178' title='bbox 674 2737 748 2780; x_wconf 91' lang='lat' dir='ltr'>cum</span> <span class='ocrx_word' id='word_1_179' title='bbox 772 2738 809 2781; x_wconf 89' lang='lat' dir='ltr'>ea</span> <span class='ocrx_word' id='word_1_180' title='bbox 831 2720 876 2781; x_wconf 90' lang='lat' dir='ltr'>ita</span> <span class='ocrx_word' id='word_1_181' title='bbox 898 2719 975 2800; x_wconf 91' lang='lat' dir='ltr'>sint,</span> <span class='ocrx_word' id='word_1_182' title='bbox 1003 2724 1122 2794; x_wconf 87' lang='lat' dir='ltr'>tamen,</span> <span class='ocrx_word' id='word_1_183' title='bbox 1146 2720 1201 2783; x_wconf 84' lang='lat' dir='ltr'>sie</span> 
     </span>
     <span class='ocr_line' id='line_1_24' title="bbox 106 2821 1174 2907; baseline 0.003 -22"><span class='ocrx_word' id='word_1_184' title='bbox 106 2821 233 2886; x_wconf 91' lang='lat' dir='ltr'>obsides</span> <span class='ocrx_word' id='word_1_185' title='bbox 252 2822 291 2885; x_wconf 89' lang='lat' dir='ltr'>ab</span> <span class='ocrx_word' id='word_1_186' title='bbox 309 2825 349 2885; x_wconf 91' lang='lat' dir='ltr'>iis</span> <span class='ocrx_word' id='word_1_187' title='bbox 368 2823 430 2886; x_wconf 92' lang='lat' dir='ltr'>sibi</span> <span class='ocrx_word' id='word_1_188' title='bbox 450 2824 576 2905; x_wconf 87' lang='lat' dir='ltr'>dentur,</span> <span class='ocrx_word' id='word_1_189' title='bbox 595 2826 644 2886; x_wconf 90' lang='lat' dir='ltr'>uti</span> <span class='ocrx_word' id='word_1_190' title='bbox 663 2843 712 2904; x_wconf 89' lang='lat' dir='ltr'>ea,</span> <span class='ocrx_word' id='word_1_191' title='bbox 733 2844 814 2906; x_wconf 90' lang='lat' dir='ltr'>quae</span> <span class='ocrx_word' id='word_1_192' title='bbox 833 2825 1055 2907; x_wconf 90' lang='lat' dir='ltr'>polliceantur,</span> <span class='ocrx_word' id='word_1_193' title='bbox 1075 2826 1174 2888; x_wconf 86' lang='lat' dir='ltr'>factu-</span> 
     </span>
     <span class='ocr_line' id='line_1_25' title="bbox 104 2930 1174 3014; baseline 0.003 -22"><span class='ocrx_word' id='word_1_194' title='bbox 104 2949 157 2992; x_wconf 90' lang='lat' dir='ltr'>ros</span> <span class='ocrx_word' id='word_1_195' title='bbox 176 2930 350 3012; x_wconf 87' lang='lat' dir='ltr'>intellegat,</span> <span class='ocrx_word' id='word_1_196' title='bbox 375 2936 406 2992; x_wconf 90' lang='lat' dir='ltr'>et</span> <span class='ocrx_word' id='word_1_197' title='bbox 429 2931 456 2992; x_wconf 91' lang='lat' dir='ltr'>si</span> <span class='ocrx_word' id='word_1_198' title='bbox 474 2930 619 2993; x_wconf 88' lang='lat' dir='ltr'>Haeduis</span> <span class='ocrx_word' id='word_1_199' title='bbox 638 2931 677 2993; x_wconf 91' lang='lat' dir='ltr'>de</span> <span class='ocrx_word' id='word_1_200' title='bbox 696 2932 838 3013; x_wconf 90' lang='lat' dir='ltr'>iniuriis,</span> <span class='ocrx_word' id='word_1_201' title='bbox 864 2951 942 3012; x_wconf 88' lang='lat' dir='ltr'>quas</span> <span class='ocrx_word' id='word_1_202' title='bbox 966 2932 1044 3014; x_wconf 88' lang='lat' dir='ltr'>ipsis</span> <span class='ocrx_word' id='word_1_203' title='bbox 1063 2933 1174 2995; x_wconf 86' lang='lat' dir='ltr'>sociis-</span> 
     </span>
    </p>

    <p class='ocr_par' dir='ltr' id='par_1_8' title="bbox 64 3022 1268 3548">
     <span class='ocr_line' id='line_1_26' title="bbox 64 3022 1173 3121; baseline 0 -20"><span class='ocrx_word' id='word_1_204' title='bbox 64 3060 91 3101; x_wconf 86' lang='lat'>20</span> <span class='ocrx_word' id='word_1_205' title='bbox 106 3056 168 3120; x_wconf 90' lang='lat' dir='ltr'>que</span> <span class='ocrx_word' id='word_1_206' title='bbox 191 3056 303 3099; x_wconf 91' lang='lat' dir='ltr'>eorum</span> <span class='ocrx_word' id='word_1_207' title='bbox 325 3037 506 3119; x_wconf 88' lang='lat' dir='ltr'>intulerint,</span> <span class='ocrx_word' id='word_1_208' title='bbox 535 3037 612 3099; x_wconf 89' lang='lat' dir='ltr'>item</span> <span class='ocrx_word' id='word_1_209' title='bbox 635 3039 663 3098; x_wconf 87' lang='lat' dir='ltr'>si</span> <span class='ocrx_word' id='word_1_210' title='bbox 686 3022 915 3120; x_wconf 59' lang='lat' dir='ltr'>Allobrogibus</span> <span class='ocrx_word' id='word_1_211' title='bbox 944 3039 1019 3101; x_wconf 90' lang='lat' dir='ltr'>satis</span> <span class='ocrx_word' id='word_1_212' title='bbox 1047 3038 1173 3121; x_wconf 87' lang='lat' dir='ltr'>faciant,</span> 
     </span>
     <span class='ocr_line' id='line_1_27' title="bbox 105 3143 1200 3229; baseline 0.004 -23"><span class='ocrx_word' id='word_1_213' title='bbox 105 3163 173 3207; x_wconf 87' lang='lat' dir='ltr'>sese</span> <span class='ocrx_word' id='word_1_214' title='bbox 206 3164 279 3207; x_wconf 91' lang='lat' dir='ltr'>cum</span> <span class='ocrx_word' id='word_1_215' title='bbox 311 3145 353 3207; x_wconf 93' lang='lat' dir='ltr'>iis</span> <span class='ocrx_word' id='word_1_216' title='bbox 386 3163 496 3227; x_wconf 91' lang='lat' dir='ltr'>pacem</span> <span class='ocrx_word' id='word_1_217' title='bbox 530 3162 599 3207; x_wconf 90' lang='lat' dir='ltr'>esse</span> <span class='ocrx_word' id='word_1_218' title='bbox 631 3143 797 3207; x_wconf 88' lang='lat' dir='ltr'>facturum.</span> <span class='ocrx_word' id='word_1_219' title='bbox 848 3143 961 3208; x_wconf 86' lang='lat' dir='ltr'>Divico</span> <span class='ocrx_word' id='word_1_220' title='bbox 994 3147 1200 3229; x_wconf 79' lang='lat' dir='ltr'>respondit:r</span> 
     </span>
     <span class='ocr_line' id='line_1_28' title="bbox 104 3249 1268 3334; baseline 0.003 -22"><span class='ocrx_word' id='word_1_221' title='bbox 104 3252 149 3313; x_wconf 89' lang='lat' dir='ltr'>ita</span> <span class='ocrx_word' id='word_1_222' title='bbox 176 3251 343 3315; x_wconf 82' lang='lat' dir='ltr'>Helvetios</span> <span class='ocrx_word' id='word_1_223' title='bbox 376 3273 395 3314; x_wconf 99' lang='lat' dir='ltr'>a</span> <span class='ocrx_word' id='word_1_224' title='bbox 425 3249 602 3314; x_wconf 90' lang='lat' dir='ltr'>maioribus</span> <span class='ocrx_word' id='word_1_225' title='bbox 630 3252 697 3314; x_wconf 90' lang='lat' dir='ltr'>suis</span> <span class='ocrx_word' id='word_1_226' title='bbox 729 3253 890 3315; x_wconf 92' lang='lat' dir='ltr'>institutos</span> <span class='ocrx_word' id='word_1_227' title='bbox 923 3271 1005 3334; x_wconf 88' lang='lat' dir='ltr'>esse,</span> <span class='ocrx_word' id='word_1_228' title='bbox 1037 3254 1085 3316; x_wconf 90' lang='lat' dir='ltr'>uti</span> <span class='ocrx_word' id='word_1_229' title='bbox 1118 3254 1173 3316; x_wconf 92' lang='lat' dir='ltr'>ob·</span> <span class='ocrx_word' id='word_1_230' title='bbox 1265 3272 1268 3277; x_wconf 66' lang='grc'>’</span> 
     </span>
     <span class='ocr_line' id='line_1_29' title="bbox 105 3359 1173 3443; baseline 0.004 -24"><span class='ocrx_word' id='word_1_231' title='bbox 105 3359 188 3421; x_wconf 88' lang='lat' dir='ltr'>sides</span> <span class='ocrx_word' id='word_1_232' title='bbox 216 3361 370 3442; x_wconf 89' lang='lat' dir='ltr'>accipere,</span> <span class='ocrx_word' id='word_1_233' title='bbox 403 3379 469 3422; x_wconf 90' lang='lat' dir='ltr'>non</span> <span class='ocrx_word' id='word_1_234' title='bbox 503 3359 580 3422; x_wconf 83' lang='lat' dir='ltr'>dare&#39;</span> <span class='ocrx_word' id='word_1_235' title='bbox 606 3359 805 3438; x_wconf 79' lang='lat' dir='ltr'>consuerint3</span> <span class='ocrx_word' id='word_1_236' title='bbox 839 3361 907 3422; x_wconf 90' lang='lat' dir='ltr'>eius</span> <span class='ocrx_word' id='word_1_237' title='bbox 939 3361 987 3422; x_wconf 90' lang='lat' dir='ltr'>rei</span> <span class='ocrx_word' id='word_1_238' title='bbox 1018 3361 1173 3443; x_wconf 89' lang='lat' dir='ltr'>populum</span> 
     </span>
     <span class='ocr_line' id='line_1_30' title="bbox 104 3458 1172 3548; baseline 0.006 -23"><span class='ocrx_word' id='word_1_239' title='bbox 104 3464 284 3527; x_wconf 86' lang='lat' dir='ltr'>Romanum</span> <span class='ocrx_word' id='word_1_240' title='bbox 325 3485 394 3530; x_wconf 87' lang='lat' dir='ltr'>esse</span> <span class='ocrx_word' id='word_1_241' title='bbox 436 3471 557 3529; x_wconf 88' lang='lat' dir='ltr'>testem.</span> <span class='ocrx_word' id='word_1_242' title='bbox 592 3458 677 3529; x_wconf 73' lang='lat' dir='ltr'>¹hoc</span> <span class='ocrx_word' id='word_1_243' title='bbox 713 3485 865 3548; x_wconf 89' lang='lat' dir='ltr'>responso</span> <span class='ocrx_word' id='word_1_244' title='bbox 904 3465 976 3529; x_wconf 89' lang='lat' dir='ltr'>dato</span> <span class='ocrx_word' id='word_1_245' title='bbox 1019 3468 1172 3531; x_wconf 88' lang='lat' dir='ltr'>discessit.</span> 
     </span>
    </p>
   </div>
   <div class='ocr_carea' id='block_1_3' title="bbox 103 3685 1172 3916">
    <p class='ocr_par' dir='ltr' id='par_1_9' title="bbox 103 3685 1172 3916">
     <span class='ocr_line' id='line_1_31' title="bbox 195 3685 1172 3755; baseline 0.007 -20"><span class='ocrx_word' id='word_1_246' title='bbox 195 3685 236 3736; x_wconf 84' lang='grc'>17.</span> <span class='ocrx_word' id='word_1_247' title='bbox 249 3685 281 3737; x_wconf 82' lang='lat'>18</span> <span class='ocrx_word' id='word_1_248' title='bbox 292 3687 481 3739; x_wconf 87' lang='lat' dir='ltr'>contenderent</span> <span class='ocrx_word' id='word_1_249' title='bbox 490 3703 569 3754; x_wconf 87' lang='lat' dir='ltr'>quam</span> <span class='ocrx_word' id='word_1_250' title='bbox 581 3686 640 3739; x_wconf 92' lang='lat' dir='ltr'>dolo</span> <span class='ocrx_word' id='word_1_251' title='bbox 650 3686 761 3752; x_wconf 61' lang='lat' dir='ltr'>Dialem</span> <span class='ocrx_word' id='word_1_252' title='bbox 775 3703 855 3754; x_wconf 90' lang='lat' dir='ltr'>quam</span> <span class='ocrx_word' id='word_1_253' title='bbox 865 3685 924 3741; x_wconf 89' lang='lat' dir='ltr'>dolo</span> <span class='ocrx_word' id='word_1_254' title='bbox 934 3689 1124 3742; x_wconf 85' lang='lat' dir='ltr'>contenderent</span> <span class='ocrx_word' id='word_1_255' title='bbox 1133 3690 1163 3742; x_wconf 93' lang='lat' dir='ltr'><strong><em>X</em></strong></span> <span class='ocrx_word' id='word_1_256' title='bbox 1166 3708 1172 3755; x_wconf 81' lang='lat'>3</span> 
     </span>
     <span class='ocr_line' id='line_1_32' title="bbox 104 3774 1172 3848; baseline 0.005 -22"><span class='ocrx_word' id='word_1_257' title='bbox 104 3774 293 3826; x_wconf 87' lang='lat' dir='ltr'>contenderent</span> <span class='ocrx_word' id='word_1_258' title='bbox 311 3775 361 3829; x_wconf 84' lang='lat' dir='ltr'>det.</span> <span class='ocrx_word' id='word_1_259' title='bbox 379 3775 487 3828; x_wconf 78' lang='lat' dir='ltr'>Gruter.</span> <span class='ocrx_word' id='word_1_260' title='bbox 526 3774 533 3846; x_wconf 76' lang='lat' dir='ltr'>ll</span> <span class='ocrx_word' id='word_1_261' title='bbox 572 3776 604 3829; x_wconf 88' lang='lat'>19</span> <span class='ocrx_word' id='word_1_262' title='bbox 624 3776 824 3829; x_wconf 85' lang='lat' dir='ltr'>constituissent</span> <span class='ocrx_word' id='word_1_263' title='bbox 833 3776 939 3843; x_wconf 73' lang='lat' dir='ltr'>M¹Q¹a</span> <span class='ocrx_word' id='word_1_264' title='bbox 975 3775 983 3848; x_wconf 84' lang='lat' dir='ltr'>l</span> <span class='ocrx_word' id='word_1_265' title='bbox 1021 3777 1055 3832; x_wconf 86' lang='lat'>20</span> <span class='ocrx_word' id='word_1_266' title='bbox 1073 3779 1172 3845; x_wconf 84' lang='lat' dir='ltr'>autX3</span> 
     </span>
     <span class='ocr_line' id='line_1_33' title="bbox 103 3862 244 3916; baseline -0.021 0"><span class='ocrx_word' id='word_1_267' title='bbox 103 3879 134 3916; x_wconf 86' lang='lat' dir='ltr'>ac</span> <span class='ocrx_word' id='word_1_268' title='bbox 153 3862 244 3914; x_wconf 80' lang='lat' dir='ltr'>Hatra.</span> 
     </span>
    </p>
   </div>
   <div class='ocr_carea' id='block_1_4' title="bbox 103 3961 1172 4299">
    <p class='ocr_par' dir='ltr' id='par_1_10' title="bbox 103 3961 1172 4299">
     <span class='ocr_line' id='line_1_34' title="bbox 193 3961 1172 4036; baseline 0.003 -22"><span class='ocrx_word' id='word_1_269' title='bbox 193 3963 237 4015; x_wconf 82' lang='lat'>14.</span> <span class='ocrx_word' id='word_1_270' title='bbox 257 3962 275 4012; x_wconf 92' lang='grc'>4</span> <span class='ocrx_word' id='word_1_271' title='bbox 298 3961 456 4015; x_wconf 87' lang='lat' dir='ltr'>accidissent</span> <span class='ocrx_word' id='word_1_272' title='bbox 470 3981 503 4030; x_wconf 79' lang='grc' dir='ltr'>χ;</span> <span class='ocrx_word' id='word_1_273' title='bbox 527 3963 666 4016; x_wconf 88' lang='lat' dir='ltr'>accidisset</span> <span class='ocrx_word' id='word_1_274' title='bbox 684 3970 723 4032; x_wconf 76' lang='grc' dir='ltr'>φβ</span> <span class='ocrx_word' id='word_1_275' title='bbox 764 3961 772 4034; x_wconf 78' lang='lat' dir='ltr'>ll</span> <span class='ocrx_word' id='word_1_276' title='bbox 815 3965 919 4032; x_wconf 74' lang='lat' dir='ltr'>iquod</span> <span class='ocrx_word' id='word_1_277' title='bbox 938 3964 971 4033; x_wconf 91' lang='lat' dir='ltr'>si]</span> <span class='ocrx_word' id='word_1_278' title='bbox 996 3964 1047 4030; x_wconf 79' lang='lat' dir='ltr'>Qui</span> <span class='ocrx_word' id='word_1_279' title='bbox 1065 3965 1125 4019; x_wconf 78' lang='lat' dir='ltr'>sih</span> <span class='ocrx_word' id='word_1_280' title='bbox 1164 3964 1172 4036; x_wconf 84' lang='lat' dir='ltr'>l</span> 
     </span>
     <span class='ocr_line' id='line_1_35' title="bbox 105 4050 1172 4124; baseline 0.005 -22"><span class='ocrx_word' id='word_1_281' title='bbox 105 4050 343 4118; x_wconf 82' lang='lat' dir='ltr'>10.llallobr0gas</span> <span class='ocrx_word' id='word_1_282' title='bbox 358 4050 606 4120; x_wconf 65' lang='lat' dir='ltr'>a3allob1oges0ss</span> <span class='ocrx_word' id='word_1_283' title='bbox 641 4051 649 4123; x_wconf 76' lang='lat' dir='ltr'>ll</span> <span class='ocrx_word' id='word_1_284' title='bbox 689 4054 720 4105; x_wconf 85' lang='grc'>11</span> <span class='ocrx_word' id='word_1_285' title='bbox 733 4053 888 4107; x_wconf 83' lang='lat' dir='ltr'>memoriam</span> <span class='ocrx_word' id='word_1_286' title='bbox 898 4073 929 4123; x_wconf 80' lang='grc' dir='ltr'>χ;</span> <span class='ocrx_word' id='word_1_287' title='bbox 949 4054 1075 4107; x_wconf 90' lang='lat' dir='ltr'>memoria</span> <span class='ocrx_word' id='word_1_288' title='bbox 1088 4061 1127 4123; x_wconf 76' lang='grc' dir='ltr'>φβ</span> <span class='ocrx_word' id='word_1_289' title='bbox 1164 4052 1172 4124; x_wconf 77' lang='lat' dir='ltr'>ll</span> 
     </span>
     <span class='ocr_line' id='line_1_36' title="bbox 103 4139 1172 4214; baseline 0.005 -23"><span class='ocrx_word' id='word_1_290' title='bbox 103 4154 180 4207; x_wconf 88' lang='lat' dir='ltr'>posse</span> <span class='ocrx_word' id='word_1_291' title='bbox 191 4139 277 4206; x_wconf 70' lang='lat' dir='ltr'>MOft3</span> <span class='ocrx_word' id='word_1_292' title='bbox 293 4142 382 4207; x_wconf 90' lang='lat' dir='ltr'>posset</span> <span class='ocrx_word' id='word_1_293' title='bbox 387 4139 438 4208; x_wconf 68' lang='lat' dir='ltr'><em>ff</em></span> <span class='ocrx_word' id='word_1_294' title='bbox 461 4139 468 4210; x_wconf 77' lang='lat' dir='ltr'>ll</span> <span class='ocrx_word' id='word_1_295' title='bbox 494 4142 526 4193; x_wconf 84' lang='lat'>13</span> <span class='ocrx_word' id='word_1_296' title='bbox 536 4140 659 4194; x_wconf 88' lang='lat' dir='ltr'>intulisse</span> <span class='ocrx_word' id='word_1_297' title='bbox 669 4141 977 4209; x_wconf 53' lang='lat' dir='ltr'>praemonuissent</span> <span class='ocrx_word' id='word_1_298' title='bbox 997 4141 1005 4213; x_wconf 77' lang='lat' dir='ltr'>ll</span> <span class='ocrx_word' id='word_1_299' title='bbox 1034 4144 1067 4197; x_wconf 82' lang='lat'>16</span> <span class='ocrx_word' id='word_1_300' title='bbox 1077 4143 1110 4196; x_wconf 93' lang='lat' dir='ltr'>iis</span> <span class='ocrx_word' id='word_1_301' title='bbox 1115 4163 1136 4212; x_wconf 83' lang='grc' dir='ltr'><em>χ</em></span> <span class='ocrx_word' id='word_1_302' title='bbox 1164 4143 1172 4214; x_wconf 86' lang='lat' dir='ltr'>l</span> 
     </span>
     <span class='ocr_line' id='line_1_37' title="bbox 104 4227 494 4299; baseline 0.003 -19"><span class='ocrx_word' id='word_1_303' title='bbox 104 4228 277 4281; x_wconf 72' lang='lat' dir='ltr'>lantsoni</span> <span class='ocrx_word' id='word_1_304' title='bbox 312 4227 320 4299; x_wconf 74' lang='lat' dir='ltr'>ll</span> <span class='ocrx_word' id='word_1_305' title='bbox 358 4228 389 4280; x_wconf 80' lang='lat'>21</span> <span class='ocrx_word' id='word_1_306' title='bbox 410 4229 494 4281; x_wconf 79' lang='lat' dir='ltr'>hisrr</span> 
     </span>
    </p>
   </div>
   <div class='ocr_carea' id='block_1_5' title="bbox 0 0 1408 4778">
    <p class='ocr_par' dir='ltr' id='par_1_11' title="bbox 0 0 1408 4778">
     <span class='ocr_line' id='line_1_38' title="bbox 0 0 1408 4778; baseline 0 1"><span class='ocrx_word' id='word_1_307' title='bbox 0 0 1408 4778; x_wconf 95' lang='lat' dir='ltr'> </span> 
     </span>
    </p>
   </div>
  </div>
 </body>
</html>
