2806 4778
228 327 271 389 88
628 340 733 394 BELLI
752 340 894 394 GALLICI

230 504 339 568 culum
371 503 682 583 111111111111111111
717 523 785 567 esse
824 502 955 566 arbitrta
943 508 994 566 tus
1032 502 1063 564 C
1096 503 1297 566 Volusenum

202 629 303 674 acum
332 610 408 674 navi
435 610 532 693 longa
559 611 738 693 praemittit.
719 610 864 674 thuic
891 610 1099 691 mandat,1trt
1127 611 1298 693 exploratis

202 716 379 782 comnibus
402 716 497 780 rebus
521 717 560 779 ad
584 736 617 780 11
642 736 737 798 quam
754 717 893 800 primum
909 722 1095 780 revertatur.
1142 718 1210 800 ipse
1227 736 1298 780 cum

230 823 377 886 omnibus
401 824 502 906 copiis
530 825 564 887 in
587 824 728 887 Morinos
756 823 983 907 proficiscitur,
1013 824 1099 907 qnod
1126 824 1203 886 inde
1232 828 1326 889 erata

201 930 436 995 abrevissimus
458 931 494 992 in
517 930 716 994 Britanniam
745 933 902 996 traiectus.
949 933 1011 995 huc
1034 951 1133 995 naves
1157 932 1298 1013 undique

229 1057 272 1101 ex
293 1037 441 1101 finitimis
463 1039 648 1120 regionibus
672 1044 703 1102 et
726 1060 821 1122 quam
845 1040 1008 1122 superiore
1032 1045 1149 1103 aestate
1173 1040 1213 1102 ad
1235 1039 1299 1102 Ve-

202 1147 371 1211 nnetioum
396 1145 516 1209 bellum
539 1145 656 1209 fecerat
679 1147 810 1209 classem
834 1146 923 1208 iubet
946 1147 1125 1209 convenire.
1170 1146 1299 1209 interim

231 1253 364 1316 consilio
394 1254 464 1316 eius
487 1255 618 1336 [cognito
648 1258 679 1316 et
706 1273 763 1336 per
789 1258 981 1317 mercatores
1010 1252 1130 1336 perlato
1160 1252 1200 1314 ad
1228 1253 1298 1316 Bri-

232 1365 346 1423 tannos
375 1379 393 1421 a
421 1359 639 1442 compluribus
667 1360 791 1423 insulae
820 1360 1003 1423 civitatibus
1032 1360 1072 1422 ad
1100 1379 1174 1423 eum
1202 1360 1299 1442 legati
1313 1381 1339 1422 ro

231 1466 377 1548 veniunt,
402 1468 458 1548 qui
482 1466 693 1548 polliceantur
716 1466 844 1535 obsides
868 1467 943 1531 dare
968 1471 1063 1549 atque
1087 1467 1221 1549 imperio
1246 1486 1300 1549 po·

203 1573 299 1656 epuli
323 1573 460 1636 Romani
485 1573 710 1656 obtemperare.
758 1574 875 1657 quibus
899 1575 1016 1638 auditis
1039 1574 1215 1637 liberaliter
1233 1573 1300 1657 pol-

231 1681 336 1744 licitus
360 1680 584 1763 hortatusque,
612 1683 704 1744 utin
727 1700 765 1744 ea
793 1683 951 1746 sententia
979 1685 1216 1765 permanerent,
1245 1700 1300 1744 eos

204 1787 363 1850 rdomum
390 1787 523 1851 remittit
556 1793 588 1852 et
616 1807 688 1851 cum
716 1789 756 1852 iis
785 1808 849 1851 una
882 1787 1074 1870 Commium,
1108 1807 1204 1870 quem
1232 1789 1301 1870 ipse

231 1895 437 1959 Atrebatibus
461 1897 618 1979 superatis
633 1915 741 1978 regem
758 1896 804 1958 ibi
819 1895 1041 1977 constituerat,
1065 1895 1158 1958 cuius
1181 1899 1214 1958 et
1237 1896 1342 1957 vir-15

231 2007 333 2067 tutem
365 2009 397 2066 11
425 2003 595 2066 consilium
622 2002 776 2085 probabat
803 2008 834 2066 et
863 2022 959 2084 quem
987 2002 1049 2066 sibi
1075 2001 1203 2065 fidelem
1232 2021 1302 2066 esse

232 2109 442 2173 arbitrabatur
465 2112 622 2193 cuiusque
651 2111 822 2173 auctoritas
845 2111 879 2172 in
903 2111 953 2173 his
977 2108 1163 2192 regionibus
1192 2110 1301 2192 magni

204 2217 415 2298 shabebatur,
439 2218 542 2280 mittit.
590 2217 666 2279 huic
689 2217 838 2300 imperat,
863 2237 941 2300 quas
964 2217 1076 2300 possit,
1107 2216 1200 2280 adeat
1223 2217 1302 2280 civi-

233 2329 311 2388 tates
335 2325 555 2406 horteturque,
580 2327 616 2386 ut
638 2324 748 2407 populi
771 2325 906 2388 Romani
929 2323 1027 2387 fidem
1043 2328 1231 2406 sequantur,
1255 2344 1303 2388 se-

206 2449 296 2512 oque
320 2431 429 2494 celerit
417 2436 465 2494 ter
488 2450 525 2495 eo
550 2436 723 2495 venturum
742 2436 825 2494 nunt
825 2432 876 2494 iet.
857 2431 1108 2494 tVolusenns
1128 2433 1302 2514 perspectis
1316 2447 1345 2488 ro

233 2537 416 2620 regionibus
446 2544 546 2620 quant
547 2559 602 2601 um
631 2541 661 2603 11
693 2538 832 2601 facultat'
811 2544 852 2601 trs
885 2537 954 2601 dari
986 2543 1041 2622 pot
1042 2539 1103 2620 uit,
1132 2540 1193 2631 qui
1225 2539 1303 2601 navi

234 2645 342 2728 egredi
366 2665 401 2708 ac
425 2665 458 2709 se
482 2645 625 2709 barbaris
646 2647 842 2709 committere
866 2665 932 2708 non
958 2646 1101 2727 auderet,
1125 2644 1163 2707 V
1189 2645 1303 2709 dicad

235 2751 400 2816 Caesarem
424 2755 597 2817 revertitur
621 2771 765 2836 quaeque
788 2752 834 2815 ibi
857 2754 1072 2836 perspexisset
1093 2755 1267 2818 renuntiat.

105 2847 112 2864 ’
178 2869 215 2924 12
322 2858 407 2945 Dum
431 2862 467 2922 in
491 2861 541 2924 his
565 2861 643 2926 loeis
667 2860 782 2924 Caesar
805 2861 935 2924 navium
963 2859 1178 2943 parandarum
1206 2878 1329 2924 causar

233 2973 387 3050 moratur,
412 2986 453 3031 ex
476 2989 593 3052 magna
615 2973 701 3052 parte
726 2967 926 3030 Morinorum
954 2968 994 3030 ad
1021 2985 1095 3030 eum
1123 2965 1222 3049 legati
1249 2987 1301 3031 re·

233 3080 363 3157 nerunt,
388 3076 445 3156 qui
468 3094 502 3138 se
527 3076 566 3138 de
590 3075 762 3158 superioris
778 3075 931 3158 temporis
947 3075 1081 3138 consilio
1102 3079 1304 3156 excusarent,

235 3181 321 3262 quod
353 3182 499 3246 homines
534 3182 657 3245 barbari
685 3188 716 3246 ot
743 3187 871 3245 nostrae
896 3180 1136 3244 consuetudinis
1163 3181 1305 3264 imperiti

234 3287 355 3351 bellum
382 3291 500 3373 populo
528 3289 671 3353 Romano
699 3291 861 3371 fecissent,
890 3307 989 3369 seque
1015 3308 1066 3369 ea,
1095 3306 1176 3370 quae
1190 3287 1304 3372 impe·
1318 3303 1333 3345 1

206 3401 346 3477 orasset,
370 3396 509 3459 facturos
532 3396 766 3480 pollicerentur
813 3396 873 3459 hcc
895 3394 957 3458 sibi
981 3393 1096 3459 Caesar
1119 3395 1195 3458 11111
1212 3414 1305 3478 opor-

234 3507 310 3564 tune
334 3503 488 3566 accidisse
512 3503 644 3566 arbit
583 3509 644 3566 1111
646 3525 696 3586 us,
721 3503 806 3586 quod
823 3521 927 3585 neque
943 3507 1015 3585 post
1030 3506 1156 3584 tergum
1179 3502 1253 3566 host
1240 3507 1304 3566 tem

233 3608 414 3692 relinquere
437 3609 565 3674 volebat
583 3629 687 3693 neque
703 3610 779 3674 belli
795 3610 926 3693 gerendi
942 3615 1071 3693 propter
1087 3610 1163 3671 anni
1179 3614 1306 3692 tempus

324 3821 438 3890 3longa
456 3828 559 3888 naucss
591 3822 599 3889 ll
635 3822 711 3889 utip
747 3822 755 3890 {l
792 3821 952 3874 8effece1at
971 3839 989 3872 ιι
1025 3825 1033 3888 ll
1072 3820 1106 3874 10
1124 3820 1182 3873 eius
1200 3819 1306 3874 insulae

233 3920 250 3980 pt
286 3913 295 3981 ll
338 3913 369 3964 11
389 3910 610 3980 pollicerentur-p
651 3911 659 3978 ll
702 3911 736 3963 14
754 3910 830 3977 hisp
866 3910 874 3978 ll
912 3908 1139 3978 1711111111ΜῙ9
1175 3911 1184 3974 ΙΙ
1222 3910 1256 3964 19
1275 3911 1306 3962 ut

234 4019 329 4072 onaqi
362 4002 370 4071 ll
404 4002 445 4056 19.
465 4001 500 4056 20
518 4016 600 4068 seque
620 4018 648 4068 ας
669 4016 697 4053 11
716 3978 750 4067 β’
764 4002 773 4066 ll
807 4000 842 4054 20
860 4015 891 4052 eo
910 3998 1066 4066 celeriterss
1097 3999 1106 4067 ll
1138 3999 1170 4051 21
1191 3998 1305 4067 regioni-

235 4091 283 4146 bus
301 4099 329 4159 β;
348 4091 499 4161 regionibus
518 4089 640 4144 omnibus
660 4110 677 4142 ιι
710 4091 719 4160 ll
750 4088 862 4144 facultas
881 4087 932 4142 AS
961 4087 969 4156 ll
1002 4089 1101 4156 quiex
1121 4093 1226 4155 nauess

323 4181 369 4237 22.
392 4184 404 4234 l
424 4182 497 4250 iisq
530 4181 539 4250 11
572 4179 767 4249 tipollicentur
786 4199 802 4232 o
825 4181 834 4248 ll
858 4178 915 4232 Hoc
929 4196 959 4243 “3
978 4177 1087 4245 Haecp
1118 4177 1127 4245 ll
1159 4178 1184 4232 6.
1205 4178 1219 4230 7
1240 4176 1306 4232 satis

235 4273 363 4340 oportune
382 4286 472 4326 caesar
489 4276 507 4336 β
