2806 4778
174 307 237 370 230
572 321 677 375 BELLI
701 320 842 375 GALLICI

172 490 351 549 armaturae
373 484 510 567 pediteS,
534 503 614 566 quos
637 488 711 546 ante
733 483 875 565 legiones
898 482 1012 544 missos
1038 481 1147 562 docui,
1174 487 1236 544 tur-

145 593 296 674 emisque
319 596 500 654 nostrorum
527 590 705 674 interpositi
732 594 912 654 constanter
939 587 1147 672 proeliantur.
1184 608 1237 671 pu-

172 706 287 782 gnatur
303 698 501 780 aliquamdiu
517 699 585 781 pari
601 698 819 775 contentione;
844 695 968 775 deinde,
985 699 1021 757 ut
1037 697 1119 758 ratio
1136 700 1272 777 postu-10

172 805 257 868 labat
278 805 404 888 proelii,
429 806 483 887 qui
507 806 724 868 sustinuerant
746 804 866 887 primos
884 805 1023 885 impetus
1044 801 1238 885 insidiarum,

172 913 232 975 hoc
260 914 328 995 ipso
356 911 439 974 fiunt
465 912 657 993 superiores,
686 910 771 992 quod
794 909 921 972 nullum
949 909 988 971 ab
1016 909 1239 972 insidiantibus

144 1020 389 1103 aimprudentes
421 1024 607 1101 acceperant
639 1018 872 1081 detrimentum.
922 1015 1080 1078 accedunt
1114 1017 1241 1099 propius

173 1128 301 1189 interim
325 1126 479 1209 legiones,
508 1126 674 1207 crebrique
703 1124 815 1187 eodem
842 1130 982 1207 tempore
1011 1128 1043 1186 et
1071 1124 1242 1186 nostriset

173 1232 318 1296 hostibus
342 1234 448 1295 nuntii
472 1232 670 1310 adferuntur,
698 1233 919 1314 imperatorem
948 1230 1117 1292 instructis
1147 1230 1244 1311 copiis
1255 1255 1275 1295 u

146 1340 291 1404 sadesse.
331 1360 393 1421 qua
416 1358 450 1401 re
474 1340 602 1421 cognita
624 1337 783 1420 praesidio
803 1337 984 1401 cohortium
1008 1335 1125 1399 confisi
1147 1337 1246 1399 nostri

173 1447 325 1509 acerrime
349 1445 557 1528 proeliantur,
579 1463 634 1527 ne,
658 1447 684 1508 si
709 1444 830 1508 tardius
848 1463 917 1507 rem
935 1444 1123 1527 gessissent,
1147 1444 1247 1506 victo-

173 1553 240 1615 riae
272 1553 406 1636 gloriam
438 1554 691 1615 communicasse
724 1571 798 1614 cum
829 1550 1013 1634 legionibus
1044 1550 1246 1626 viderentur3

146 1661 279 1724 ehostes
307 1660 481 1723 concidunt
509 1661 623 1722 animis
651 1665 747 1741 atque
775 1658 942 1721 itineribus
971 1658 1109 1721 diversis
1138 1657 1246 1740 fugam

175 1774 338 1850 quaerunt.
375 1769 584 1850 nequiquam:
609 1786 684 1828 narn
703 1767 820 1847 quibus
840 1764 1082 1828 difficultatibus
1101 1765 1279 1830 locoruma

146 1875 332 1940 rRomanos
365 1874 511 1938 claudere
541 1874 723 1954 voluerant,
755 1875 795 1935 iis
826 1873 887 1955 ipsi
920 1871 1123 1935 tenebantur.
1174 1872 1248 1934 victi

173 1982 300 2046 tandem
326 1981 526 2064 perculsique
554 1982 673 2043 maiore
701 1986 789 2063 parte
817 1981 932 2042 amissa
955 1980 1155 2042 consternati
1180 1999 1247 2062 pro-

172 2089 302 2171 fugiunt
320 2090 436 2171 partim
452 2089 540 2150 silvis
556 2089 676 2170 petitis,
700 2088 813 2170 partim
833 2086 981 2168 flumine,
1001 2122 1044 2129 -
1065 2087 1125 2168 qui
1141 2091 1246 2149 tamen

147 2196 207 2260 ein
223 2196 299 2278 fuga
315 2215 334 2257 a
348 2197 466 2258 nostris
482 2196 596 2257 acriter
611 2193 857 2276 insequentibus
873 2191 1095 2275 conficiuntur,
1110 2231 1154 2238 —
1176 2212 1255 2255 curn.

174 2303 303 2365 interim
331 2303 420 2364 nulla
448 2301 625 2365 calamitate
649 2302 752 2364 victus
777 2299 911 2364 Correus
940 2299 1097 2363 excedere
1127 2300 1277 2382 proelioa

174 2409 336 2488 silvasque
364 2420 470 2490 petere
503 2414 558 2471 aut
585 2408 796 2471 invitantibus
829 2409 946 2470 nostris
975 2407 1015 2469 ad
1049 2406 1247 2471 deditionem

174 2516 276 2597 potuit
308 2515 437 2597 adduci,
471 2517 549 2597 quin
580 2515 751 2578 fortissime
782 2514 965 2597 proeliando
999 2514 1248 2596 compluresque

174 2621 372 2685 vulnerando
401 2629 528 2704 cogeret
560 2622 658 2685 elatos
686 2621 852 2684 iracundia
879 2622 1013 2683 victores
1046 2622 1082 2683 in
1118 2640 1153 2685 sc
1188 2620 1246 2684 tela

174 2730 305 2793 coicere.

119 2853 156 2908 20
262 2836 328 2898 Tali
356 2835 451 2898 modo
484 2855 518 2899 re
551 2841 638 2919 gesta
671 2836 852 2900 recentibus
881 2835 994 2918 proelii
1021 2837 1172 2919 vestigiis
1199 2837 1264 2897 in-1

173 2964 301 3026 gressus
330 2942 456 3023 Caesar,
489 2963 562 3006 curn
591 2945 691 3006 victos
719 2950 805 3007 tauta
837 2942 1013 3006 calamitate
1046 2944 1240 3005 existimaret

174 3052 278 3113 hostes
306 3051 418 3113 nuntio
448 3057 576 3133 accepto
608 3050 714 3113 locuni
744 3055 919 3113 castrorum
947 3049 1133 3131 relicturos,
1167 3066 1237 3131 quae

174 3178 238 3219 non
263 3157 390 3239 longius
414 3156 452 3218 ab
478 3176 513 3219 ea
537 3157 634 3220 caede
658 3157 766 3220 abesse
790 3157 862 3240 plus
885 3158 992 3218 minus
1014 3155 1097 3218 Vlll
1116 3156 1240 3220 milibus

175 3264 370 3346 dicebantur,
394 3266 519 3326 tametsi
542 3263 675 3326 flumine
698 3264 887 3347 impeditum
911 3263 1080 3326 transitum
1107 3263 1268 3344 videbats

147 3376 278 3437 atamen
313 3373 456 3434 exercitu
488 3372 631 3434 traducto
664 3371 872 3456 progreditur.
919 3375 951 3433 at
978 3369 1146 3433 Bellovaci
1174 3369 1245 3432 reli-

176 3497 321 3560 quaeque
346 3480 488 3542 civitates
517 3487 645 3563 repente
674 3500 715 3543 ex
741 3480 818 3562 fuga
846 3479 955 3562 paucis
983 3483 1079 3559 atque
1103 3479 1154 3541 his
1178 3477 1245 3540 vul-

175 3585 292 3647 neratis
315 3587 465 3668 receptis,
489 3589 544 3669 qui
568 3588 721 3650 silvarum
740 3585 895 3649 beneficio
912 3604 1022 3648 casum
1038 3587 1245 3666 evitaverunt,

263 3797 395 3850 8n1issos
416 3816 445 3863 α;
464 3797 559 3850 missos
578 3803 673 3863 essess
705 3798 713 3865 ΗΗ
745 3797 942 3864 9interpositis
962 3817 980 3847 a
1012 3798 1021 3860 ΗΗ
1054 3798 1085 3848 11
1107 3797 1246 3850 insidiato-

174 3903 234 3939 rum
252 3886 347 3939 Juriu.
380 3889 388 3950 ΗΗ
422 3889 456 3938 14
475 3886 656 3953 crebrisquerl
687 3891 696 3953 ΗΗ
728 3887 863 3940 etnostris
878 3904 908 3951 ας
927 3886 1053 3952 nostrisss
1086 3885 1094 3952 ΗΗ
1129 3886 1245 3939 15ηιω-

175 3977 212 4030 tia
231 3977 421 4041 deserunturss
457 3976 465 4042 ΗΗ
503 3976 535 4029 19
555 3976 642 4044 atque]
662 3977 688 4028 in
708 3976 770 4028 add.
795 3995 812 4026 a
854 3976 862 4044 ΗΗ
904 3975 935 4028 21
960 3975 993 4028 iis
1013 3974 1065 4043 (his
1086 3974 1118 4041 S)
1139 3993 1170 4041 α;
1191 3991 1244 4027 om.

174 4073 191 4133 β
223 4066 231 4134 ΗΗ
264 4065 298 4118 22
321 4066 427 4118 tandem
445 4065 547 4130 δέπας
566 4067 656 4117 tamen
674 4065 705 4118 X
733 4066 742 4132 ΗΗ
774 4064 933 4118 consternati
955 4082 985 4131 ας
1004 4080 1056 4133 quo
1077 4063 1132 4117 fors
1146 4063 1245 4116 tulerat

175 4155 333 4209 consternati
351 4162 368 4221 β
391 4157 399 4224 ΗΗ
423 4155 457 4207 24
476 4171 491 4207 a
509 4161 592 4220 carad
614 4156 622 4223 ΗΗ
646 4154 679 4207 25
700 4155 811 4208 corbeus
826 4174 842 4205 u
869 4153 878 4220 ΗΗ
901 4153 935 4208 28
949 4153 1032 4208 elatos
1045 4160 1128 4220 carad

264 4246 310 4300 20.
330 4246 345 4296 4
364 4245 426 4314 plus
445 4245 533 4298 miuus
551 4244 591 4311 X3
610 4260 738 4312 passuum
757 4244 834 4310 Frip.
868 4244 876 4311 ΗΗ
908 4243 925 4296 8
945 4243 1075 4310 euitarant
1094 4260 1116 4294 π
