2806 4778
153 295 215 355 114
550 309 655 362 BELLI
676 309 817 364 GALLICl

149 473 336 554 Arpineius,
369 490 466 553 eques
494 472 670 553 Romanus,
703 473 870 536 fanriliaris
899 472 934 547 Q.
962 473 1091 555 Titurii,
1127 480 1159 537 et
1185 472 1218 548 Q.

149 581 262 643 iunius
286 599 328 643 ex
351 578 508 662 Hispania
533 579 675 661 qnidam,
700 581 756 660 qui
779 580 843 641 iam
867 584 939 643 ante
958 581 1060 643 missu
1076 579 1217 644 Caesaris

150 688 189 750 ad
214 686 432 769 Ambiorigem
456 687 611 749 ventitare
635 693 811 749 consuerat.
850 687 935 770 apud
951 706 1032 768 quos
1048 687 1217 751 Ambiorix

123 796 189 858 aad
214 795 301 857 bunc
322 794 455 856 modurn
478 793 603 855 loeutus
620 799 680 857 cst:
706 811 775 856 sese
790 813 847 876 pro
864 793 1007 857 Caesaris
1023 795 1058 857 in
1074 813 1109 858 se
1125 795 1242 860 bene-s

148 902 230 965 ficiis
254 902 426 984 plurimum
450 901 479 963 ei
503 898 648 963 confiteri
671 899 800 982 debere,
830 901 916 982 quod
944 903 1013 964 eius
1043 920 1139 984 opera
1166 902 1217 965 sti-

149 1009 266 1092 pendio
290 1007 443 1071 liberatus
467 1011 562 1087 esset,
586 1007 672 1088 quod
695 1007 865 1071 Atuatucis
879 1007 1028 1071 finitimis
1051 1009 1120 1070 suis
1143 1028 1216 1092 pen-

149 1117 223 1178 dere
252 1119 448 1195 consuesset,
478 1114 629 1194 quodque
657 1115 687 1176 ei
716 1119 747 1177 et
773 1112 859 1177 filius
888 1118 920 1177 et
946 1114 1054 1178 fratris
1085 1113 1173 1178 filius
1200 1138 1217 1179 a

149 1223 282 1286 Caesare
309 1221 435 1283 remissi
464 1226 581 1301 essent,
614 1239 695 1302 quos
723 1222 875 1284 Atuatuci
904 1221 1052 1284 obsidum
1083 1241 1216 1286 numero

122 1331 263 1392 amissos
287 1328 372 1410 apud
395 1345 428 1390 se
452 1328 486 1389 iu
510 1328 662 1391 servitute
691 1332 723 1390 et
746 1329 865 1392 catenis
892 1329 1083 1408 tenuissent,
1114 1348 1253 1410 nequem

150 1437 195 1517 id,
222 1435 306 1516 quod
329 1434 440 1498 fecerit
468 1435 506 1498 dc
535 1436 772 1517 oppugnatione
800 1441 988 1516 castrorum,
1017 1441 1073 1499 aut
1099 1437 1216 1499 iudicio

150 1548 204 1606 ant
239 1541 400 1604 voluntate
434 1560 492 1603 sua
523 1540 650 1621 fecisse,
682 1542 738 1605 sed
771 1547 883 1605 coactu
910 1543 1061 1625 civitatiS,
1096 1563 1215 1626 suaque

150 1668 218 1712 esse
243 1650 311 1712 eius
339 1647 427 1710 nrodi
456 1649 602 1730 imperia,
632 1654 667 1711 ut
694 1668 759 1711 non
787 1650 894 1712 minus
921 1647 1054 1712 haberet
1081 1651 1162 1713 iuris
1183 1652 1216 1711 in

120 1776 182 1820 ase
210 1755 381 1818 multitudo
412 1774 507 1835 quarn
535 1755 661 1836 ipsein
685 1755 931 1819 multitudinem.
978 1755 1102 1819 civitati
1124 1776 1214 1839 porro

148 1865 229 1926 lianc
251 1863 348 1925 fnisse
373 1861 450 1924 belli
473 1880 613 1943 causam,
638 1861 724 1944 quod
747 1863 930 1944 repentinae
955 1861 1121 1925 Gallorum
1145 1882 1215 1926 cor·
1228 1882 1251 1924 15

149 1971 301 2033 iurationi
324 1971 470 2032 resistere
493 1988 557 2031 non
582 1970 728 2050 potuerit.
767 1970 800 2031 id
824 1988 857 2033 se
875 1969 966 2032 facile
981 1988 1023 2032 ex
1038 1969 1215 2033 humilitate

149 2098 207 2141 sua
229 2077 364 2160 probare
388 2095 493 2159 posse,
524 2076 609 2157 quod
635 2095 702 2138 non
731 2076 809 2139 adeo
837 2077 878 2138 sit
905 2076 1073 2158 imperitus
1100 2096 1214 2156 rerum,

148 2191 184 2248 ut
207 2184 274 2246 suis
298 2183 399 2265 copiis
422 2182 577 2264 populum
600 2180 779 2244 Romanum
797 2183 938 2265 superari
954 2201 1046 2264 posse
1071 2182 1214 2246 confidat.

120 2291 203 2354 ased
233 2309 301 2353 0000
331 2289 451 2352 Galliae
479 2307 648 2352 commune
677 2289 862 2354 consilium:
896 2288 1045 2352 omnibus
1073 2290 1213 2354 bibernis

148 2397 291 2460 Caesaris
325 2394 547 2477 oppugnandis
580 2395 666 2458 hunc
698 2414 766 2460 esse
799 2397 919 2459 dictum
952 2397 1050 2477 diem,
1084 2416 1125 2460 ne
1154 2415 1250 2478 quaro

119 2505 229 2586 elegio
263 2502 355 2564 alteri
387 2502 505 2584 legioni
539 2502 682 2566 subsidio
715 2505 825 2567 uenire
861 2508 974 2586 posset.
1024 2522 1092 2567 uon
1123 2503 1213 2566 facile

147 2609 255 2673 Gallos
279 2608 380 2673 Gallis
404 2628 519 2690 negare
543 2611 696 2691 potuisse,
719 2611 905 2692 praesertim
929 2629 1002 2672 cum
1026 2610 1066 2673 de
1085 2629 1212 2693 recupe-

119 2739 130 2780 ῑ
146 2718 245 2779 nanda
268 2718 431 2780 communi
456 2716 600 2779 libertate
616 2716 787 2779 consilium
803 2717 920 2779 initum
934 2716 1105 2780 videretur.
1145 2719 1212 2799 qui-

147 2825 206 2888 bus
236 2824 386 2907 quoniam
419 2844 475 2906 pro
508 2824 623 2905 pietate
656 2824 731 2886 satis
760 2823 882 2906 fecerit,
914 2824 1032 2887 habere
1063 2844 1152 2888 nunc
1179 2845 1211 2888 se

147 2933 301 2995 rationem
335 2929 432 2993 officii
463 2949 520 3013 pro
553 2930 716 2993 beneficiis
749 2929 906 2994 Caesaris:
944 2950 1089 3013 monere,
1126 2948 1248 2996 orareas

146 3040 303 3102 'litorium
326 3056 383 3120 pro
404 3037 553 3119 hospitio,
578 3042 614 3099 ut
632 3055 709 3099 suae
728 3056 764 3098 ac
785 3038 923 3100 militrun
946 3039 1041 3101 saluti
1060 3039 1210 3103 consulat.

119 3165 294 3226 enragnanr
316 3164 446 3206 manum
473 3142 705 3205 Germanorum
728 3144 918 3207 conductam
940 3144 1089 3208 Rhenum
1112 3153 1211 3208 trans·
1271 3204 1278 3216 ,

119 3254 222 3330 1100ος
248 3252 329 3313 banc
353 3251 460 3313 adfore
477 3248 583 3311 biduo.
623 3250 765 3331 ipsorum
781 3269 849 3314 esse
866 3251 1047 3334 consilium,
1070 3253 1210 3315 velintne

144 3361 232 3441 prius
258 3377 353 3439 quam
376 3356 503 3419 finitimi
532 3356 672 3418 sentiant
700 3356 829 3420 eductos
857 3376 898 3420 ex
925 3357 1068 3421 bibernis
1095 3358 1210 3422 milites

146 3471 200 3526 aut
232 3465 272 3526 ad
301 3463 488 3527 Ciceronem
516 3467 571 3525 aut
600 3463 639 3525 ad
666 3460 845 3526 Labienum
872 3463 1043 3545 deducere,
1076 3481 1249 3546 quorumeo

145 3572 224 3634 alter
248 3571 337 3632 milia
359 3589 512 3652 passuum
535 3571 660 3633 circiter
683 3567 720 3652 L,
745 3570 824 3633 alter
847 3571 942 3653 paulo
959 3571 1095 3654 amplius
1119 3571 1210 3635 abiis

234 3745 425 3814 auritum]
456 3745 604 3812 (1011111
644 3747 652 3812 11
697 3746 840 3814 3111110111
862 3747 911 3799 del.
937 3745 1100 3800 *HJMttller
1141 3750 1150 3817 11
1193 3750 1210 3798 4

144 3837 364 3901 consueueractp
387 3836 395 3904 1
418 3835 476 3887 bad
491 3853 520 3901 a,
534 3834 560 3886 in
573 3842 590 3901 p
614 3836 622 3903 11
647 3837 660 3887 7
675 3835 812 3888 aduatucis
827 3854 856 3903 n;
870 3836 973 3889 uatucis
984 3835 1016 3903 ὃς
1030 3837 1148 3890 anatuois
1163 3837 1185 3900 Q
1202 3834 1210 3907 1

143 3927 286 3991 beista,
306 3924 365 3990 ciri
397 3923 405 3989 11
437 3923 470 3976 ab
490 3942 506 3972 u
540 3925 547 3990 11
580 3924 691 3977 91111881
711 3924 783 3991 ΑΜῤ
815 3925 823 3991 11
855 3925 977 3978 aduatuci
998 3946 1015 3977 α
1047 3927 1055 3997 11
1089 3928 1120 3980 ll
1141 3927 1210 3980 fece-

144 4018 225 4082 rintp
256 4017 264 4084 11
298 4015 330 4067 de
345 4012 536 4081 oppugnatione
555 4015 631 4065 castr.
645 4013 694 4065 del.
709 4012 870 4066 *HJMz'tller
896 4019 904 4081 1
932 4014 965 4067 12
984 4014 1078 4068 1001000
1096 4033 1149 4069 om.
1167 4022 1185 4082 β
1201 4014 1211 4085 11

146 4107 178 4159 18
197 4103 316 4173 superari
336 4121 365 4170 a,
394 4118 422 4155 se
446 4108 606 4169 superarep
647 4103 655 4170 11
697 4102 728 4153 ¹21
755 4102 853 4156 alterae
878 4123 895 4154 a
937 4105 945 4168 11
986 4104 1021 4156 24
1045 4120 1091 4172 pro
1115 4105 1211 4173 pietate

145 4194 265 4262 811111ιῆ
285 4191 443 4261 proprietate
459 4189 543 4242 ΑΒΜ
545 4189 640 4253 Qralrl
672 4191 680 4258 1
713 4191 747 4245 30
765 4193 811 4244 aut
829 4192 862 4245 ad
881 4191 1027 4246 ciceronem
1043 4213 1073 4261 a,
1093 4196 1139 4247 aut
1157 4211 1208 4246 om.

142 4292 159 4350 ,t
190 4290 198 4351 1
231 4286 263 4337 31
284 4282 367 4335 abiis
387 4286 475 4346 0122„ss
