2806 4778
486 345 593 399 LIBER
611 345 658 398 Vl.
679 343 754 398 CAP.
775 345 893 398 37-41.
1162 329 1222 391 157

153 509 300 571 celeriter
333 509 447 571 deiecti
480 527 514 571 se
545 509 580 570 in
609 509 701 591 signa¹
728 507 975 590 manipulosque
1003 507 1157 585 coiciunt3
1188 526 1225 570 eo

154 617 259 698 magis
282 614 413 677 timidos
436 620 613 698 perterrent
636 615 762 677 milites,
809 614 863 677 alii
883 633 986 677 cuneo
1010 616 1092 677 facto
1115 619 1152 676 ut
1175 633 1253 677 cea

153 723 265 786 leriter
287 728 496 805 perrumpant
519 727 663 785 censent:
695 722 846 804 quoniam
868 726 933 783 tam
955 723 1135 804 propinqua
1163 722 1228 783 sint

123 833 272 912 ecastra,
296 831 356 892 etsi
378 849 451 912 pars
474 829 582 910 aliqua
605 829 823 892 circumventa
846 829 1007 909 ceciderit,
1032 833 1063 890 at
1085 829 1227 908 reliquos

155 938 276 1000 servari
300 956 392 1019 posse
418 934 622 1020 [confidunt];
647 935 715 1017 alii,
739 941 776 998 ut
798 936 832 997 in
848 936 924 1018 iugo
941 936 1114 998 consistant
1130 940 1253 1017 atquee

155 1044 296 1107 eundem
325 1062 436 1106 omnes
463 1043 567 1106 ferant
595 1062 712 1106 casum.
760 1043 819 1104 hoc
847 1047 971 1105 veteres
998 1061 1063 1104 non
1091 1042 1253 1125 probantu

155 1150 287 1232 milites,
312 1169 392 1232 quos
416 1150 475 1213 sub
499 1149 619 1213 vexillo
643 1170 709 1212 una
724 1151 881 1233 profectos
898 1149 1073 1213 docuimus.
1118 1151 1226 1232 itaque

155 1258 240 1321 inter
263 1276 296 1320 se
320 1258 476 1320 cohortati
499 1257 580 1321 duce
605 1255 636 1318 C.
660 1257 830 1340 Trebonio,
855 1258 961 1340 equite
984 1256 1143 1337 Romano,
1172 1257 1228 1339 qui

113 1387 141 1428 ro
156 1365 197 1426 iis
220 1370 286 1427 eret
309 1367 521 1447 praepositus,
544 1383 602 1447 per
616 1363 737 1426 medios
753 1364 859 1427 hostes
877 1369 1090 1447 perrumpunt
1105 1363 1228 1426 incolu-

157 1490 291 1554 mesque
315 1473 355 1534 ad
379 1491 480 1535 unum
505 1491 615 1534 omnes
638 1473 674 1534 in
697 1476 801 1534 castra
823 1472 1026 1554 perveniunt.
1072 1472 1129 1534 hos
1153 1470 1255 1534 sub-5

157 1580 260 1642 secuti
284 1579 412 1642 calones
436 1580 622 1660 equitesque
651 1579 764 1642 eodem
791 1579 914 1661 impetu
940 1578 1080 1640 militum
1107 1579 1227 1641 virtute

157 1693 333 1749 servantur.
385 1692 417 1748 at
443 1687 479 1769 ii,
513 1687 569 1768 qui
597 1688 629 1748 in
659 1671 741 1770 iugo⁰
763 1687 985 1766 constiterant,
1011 1685 1101 1748 nullo
1131 1667 1255 1749 etiamr

157 1813 245 1856 nunc
268 1813 328 1856 usu
352 1795 400 1856 rei
423 1793 570 1857 militaris
592 1799 739 1876 percepto
762 1812 869 1874 neque
888 1794 923 1854 in
943 1812 980 1856 eo
1006 1793 1092 1874 quod
1115 1793 1229 1874 proba-

115 1919 143 1962 re
159 1905 271 1963 verant
298 1900 431 1963 consilio
454 1919 652 1982 permanere,
676 1906 713 1963 ut
736 1920 769 1963 se
799 1900 868 1962 loco
893 1901 1056 1982 superiore
1080 1899 1228 1962 defende-

157 2013 242 2089 rent,
265 2027 370 2089 neque
394 2027 477 2089 eam,
503 2027 598 2088 quarn
621 2007 778 2090 profuisse
794 2007 864 2070 aliis
880 2007 947 2068 vim
972 2007 1229 2089 celeritatemque

157 2115 317 2197 riderent,
341 2115 459 2177 imitari
482 2119 668 2197 potuerunt,
693 2115 749 2178 sed
772 2133 806 2177 se
828 2116 863 2176 in
887 2119 989 2176 castra
1013 2114 1154 2196 recipere
1178 2132 1230 2177 oo-

158 2222 228 2287 nati
251 2223 401 2305 iniquum
423 2223 457 2283 in
480 2221 588 2283 locum
612 2222 816 2285 demiserunt.
855 2222 1069 2303 centuriones,
1094 2237 1257 2304 quorumr

159 2350 224 2394 non
248 2329 330 2392 nulli
354 2348 396 2391 ex
418 2327 622 2392 inferioribus
647 2329 812 2391 ordinibus
840 2329 1038 2409 reliquamm
1066 2329 1230 2412 legionum

114 2453 145 2496 ao
160 2439 287 2501 virtutis
311 2455 407 2498 causa
429 2436 464 2498 in
488 2437 666 2518 superiores
695 2441 786 2498 erant
814 2436 943 2499 ordines
971 2437 1068 2499 huius
1096 2437 1230 2521 legionis

160 2545 311 2624 traducti,
335 2562 375 2606 ne
400 2547 472 2606 ante
496 2548 620 2625 partam
642 2544 690 2604 rei
711 2543 859 2606 militaris
886 2543 1014 2606 laudem
1043 2546 1230 2627 amitterent,

159 2651 329 2713 fortissime
362 2654 542 2732 pugnantes
573 2631 792 2713 conciderunt.
842 2651 982 2713 militurn
1016 2671 1087 2733 pars
1115 2644 1287 2713 horume'

159 2759 279 2820 virtute
303 2757 459 2820 submotis
482 2757 629 2819 hostibus
649 2763 774 2840 praeter
790 2776 877 2840 spem
893 2758 1064 2820 incolumis
1080 2758 1113 2819 in
1130 2763 1231 2820 castra

132 2865 319 2947 rpervenit,
352 2882 425 2946 pars
458 2883 476 2925 3
508 2863 651 2926 barbaris
684 2865 902 2927 circumventa
928 2865 1030 2946 periit.
1082 2864 1232 2927 Germani
1250 2875 1285 2928 41

102 2963 106 2972 ’
161 2971 328 3054 desperata
351 2971 589 3054 expugnatione
613 2976 799 3052 castrorum,
824 2971 910 3052 quod
928 2975 1053 3034 nostros
1069 2972 1133 3033 iam
1156 2990 1232 3034 oon·
1308 2960 1311 2970 ’

161 3079 280 3142 stitisse
303 3080 338 3141 in
360 3077 595 3140 munitionibus
618 3077 783 3158 videbant,
812 3097 886 3139 curn
914 3096 952 3140 33
978 3078 1107 3160 praeda,
1136 3096 1232 3158 quam

161 3187 196 3247 in
220 3186 309 3248 silvis
333 3186 556 3268 deposuerant,
580 3189 667 3246 trans
690 3182 839 3246 Rhenum
863 3202 931 3248 sese
955 3191 1151 3267 receperunt.
1195 3203 1259 3250 333

131 3298 271 3356 stantus
294 3293 354 3355 fuit
383 3293 479 3355 etiam
506 3296 579 3374 post
606 3291 781 3354 discessum
810 3290 950 3353 hostium
982 3296 1095 3375 terror,
1127 3298 1164 3355 ut
1197 3313 1234 3357 33

163 3405 256 3463 noete
280 3420 354 3462 curn
382 3397 414 3461 Ο.
439 3398 623 3462 Volusenus
650 3399 767 3460 missus
796 3417 870 3460 cum
899 3398 1042 3478 equitatu
1069 3401 1102 3461 in
1133 3408 1234 3465 eastra

164 3508 315 3585 venisset,
340 3505 437 3570 fidem
452 3525 518 3568 non
534 3504 650 3568 faceret
665 3503 776 3568 adesse
793 3525 867 3568 oum
889 3506 1044 3568 incolumi
1067 3507 1234 3573 Caesarem

256 3737 317 3790 2in
336 3737 410 3806 signa
429 3743 493 3803 33β
524 3736 533 3805 tl
569 3736 656 3789 5etsi
674 3737 712 3789 ed.
732 3738 759 3802 1,
786 3736 880 3800 Selene,
904 3737 1028 3805 mama
1052 3739 1234 3812 3331113311

163 3828 335 3882 dconlidunt
353 3828 403 3880 dcl.
422 3826 534 3894 Jnonqe
566 3826 575 3895 ll
612 3826 646 3879 10
664 3825 696 3878 iis
715 3827 764 3893 ab,
789 3826 827 3879 eis
847 3845 876 3893 c3
900 3827 940 3880 his
959 3827 988 3894 fl
1029 3829 1037 3895 ΙΙ
1079 3828 1112 3880 12
1132 3830 1235 3897 equites

163 3917 323 3985 calonesque
341 3923 358 3982 β
390 3917 397 3985 ll
432 3917 464 3968 13
484 3915 547 3968 atii
567 3916 611 3983 qui
630 3915 697 3981 BM,
716 3919 744 3968 at
761 3916 820 3984 hili)
840 3917 885 3984 qui
899 3917 954 3986 283
974 3920 1053 3984 atque
1066 3917 1084 3968 ii
1104 3937 1131 3986 03
1150 3921 1235 3987 atqui

164 4025 187 4058 π
220 4006 229 4074 tl
261 4006 465 4071 constiteruntss
496 4005 504 4072 ll
538 4006 571 4058 16
585 4006 709 4073 prodesse
724 4025 741 4056 3
773 4005 781 4071 ll
815 4007 847 4058 17
861 4009 1001 4073 potuerant
1013 4008 1145 4074 (poterant
1159 4008 1234 4075 SMa,

165 4115 183 4147 α
217 4095 225 4159 ll
258 4095 291 4148 18
310 4094 338 4146 in
357 4112 409 4147 om.
431 4095 468 4161 Sp
499 4096 508 4164 ll
540 4095 698 4147 dimiserunt
718 4093 819 4163 SMpob
856 4095 864 4162 lt
902 4096 934 4148 ‘21
954 4098 1099 4166 portamrp
1135 4098 1143 4165 ll
1179 4096 1235 4150 lau-

163 4187 227 4238 dem
245 4184 282 4237 rei
301 4183 422 4237 militaris
440 4192 457 4251 β

255 4276 436 4330 41.4Ats
465 4279 473 4346 [1
505 4277 705 4342 dinss3ado
