2806 4778
173 320 237 379 228
564 331 670 386 BuLLI
688 331 832 385 GALLIOI

145 499 312 578 apossent,
334 495 397 557 tale
413 495 583 558 consilium
603 496 651 557 sui
668 493 843 576 recipiendi
862 497 1022 576 ceperunt.
1056 493 1160 557 fasces
1176 492 1239 576 [nbi

173 602 394 683 consederant,
416 620 556 683 namque
579 602 614 664 in
637 602 706 664 acie
729 601 839 664 sedere
863 601 971 664 Gallos
996 619 1170 663 consuesse
1193 621 1240 664 su-

173 708 352 792 perioribus
376 709 612 771 commentariis
636 708 829 770 declaratum
853 712 912 789 est,
935 725 994 790 per
1013 706 1144 790 manus]
1168 713 1240 770 stra-

174 822 353 878 mentorum
378 835 414 879 ac
433 814 657 898 virgultorum,
682 834 817 898 quorum
843 834 968 878 summa
992 821 1061 877 erat
1084 815 1121 876 in
1138 817 1240 878 castris

175 924 277 1005 copia,
299 924 383 985 iuter
406 942 439 985 se
456 923 587 985 traditos
603 927 677 985 ante
693 922 794 983 aciem
811 922 1018 984 conlocarunt
1033 926 1242 1004 extremoque
1255 948 1277 988 15

174 1035 315 1112 ternpore
339 1029 402 1092 diei
426 1031 517 1111 signo
541 1030 746 1111 pronuntiato
770 1047 835 1091 uno
859 1032 1001 1110 tempore
1023 1029 1244 1092 incenderunt.

147 1136 220 1201 cita
247 1138 414 1199 continens
441 1135 569 1198 flamma
596 1136 703 1218 copias
732 1154 841 1198 omnes
868 1141 999 1218 repente
1027 1155 1046 1198 a
1073 1144 1246 1218 conspectu

175 1244 255 1306 texit
276 1243 501 1306 Romanorum.
542 1242 627 1323 quod
650 1241 708 1305 ubi
731 1242 858 1323 accidit,
880 1242 1008 1304 barbari
1032 1243 1248 1306 vehementis-

121 1364 157 1419 16
176 1351 255 1413 simo
284 1369 380 1412 cursu
406 1348 600 1431 refugerunt.
648 1347 775 1431 Caesar,
808 1350 866 1411 etsi
899 1348 1078 1412 discessum
1108 1350 1271 1416 hostiumr

177 1456 428 1520 animadvertere
456 1476 523 1519 non
549 1460 673 1538 poterat
699 1457 859 1519 incendiis
886 1438 1054 1539 oppositiS,
1086 1463 1198 1520 tamen
1220 1457 1251 1519 id

177 1563 346 1626 consilium
370 1582 443 1625 cum
465 1562 560 1646 fugae
584 1582 680 1626 causa
702 1563 820 1625 initum
844 1563 1075 1645 suspicaretur,
1105 1563 1252 1646 legiones

177 1676 354 1752 promovet,
387 1675 507 1732 turmas
540 1670 636 1731 mittit
667 1669 707 1731 ad
739 1669 988 1751 insequendum3
1023 1670 1096 1752 ipse
1131 1673 1252 1734 veritus

177 1776 322 1856 insidias,
350 1795 391 1839 ne
417 1777 497 1839 forte
525 1777 560 1838 in
589 1776 700 1839 eodem
728 1776 799 1839 loco
827 1776 1000 1840 subsistere
1028 1778 1133 1840 hostis
1158 1782 1273 1860 atquea

178 1884 292 1946 elicere
316 1889 440 1947 nostros
463 1885 499 1946 in
521 1884 628 1946 locum
652 1888 821 1946 conaretur
843 1884 1005 1965 iniquum,
1029 1885 1158 1948 tardius
1183 1905 1253 1968 pro-

150 1991 268 2054 acedit,
316 1993 438 2073 equites
462 2009 536 2053 oum
559 1991 677 2052 intrare
700 1990 826 2052 fumum
855 1996 886 2053 et
911 1989 1074 2052 flammam
1101 1992 1253 2055 densissi-

177 2117 261 2160 mam
286 2099 436 2160 timerent
454 2117 503 2180 ac,
527 2098 555 2160 si
572 2099 627 2180 qui
643 2097 791 2180 cupidius
806 2099 1015 2179 intraverant,
1040 2098 1101 2159 vix
1119 2119 1253 2162 suorum

177 2205 239 2287 ipsi
254 2206 375 2286 priores
390 2209 495 2288 partes
511 2204 800 2267 animadverterent
816 2223 987 2286 equorum,
1003 2204 1144 2269 insidias
1163 2206 1251 2270 veriti

150 2311 311 2374 eliberam
333 2311 515 2374 facultatem
539 2311 590 2374 sui
608 2311 784 2394 recipiendi
800 2310 977 2374 Bellovacis
998 2311 1172 2375 dederunt.
1213 2315 1278 2376 itan

178 2417 253 2499 fuga
268 2418 390 2479 timeris
406 2418 502 2480 simul
518 2418 763 2499 calliditatisque
778 2417 874 2499 plena
889 2418 957 2480 sine
974 2417 1040 2479 ullo
1058 2418 1248 2483 detrimento

179 2522 268 2585 milia
296 2543 361 2585 non
389 2524 524 2606 amplius
552 2523 584 2586 X
613 2525 772 2607 progressi
799 2525 904 2587 hostes
932 2525 1002 2587 leco
1030 2527 1250 2590 munitissimo

151 2635 281 2692 ecastra
312 2635 495 2712 posuerunt.
549 2631 625 2692 iude
658 2650 731 2693 oum
766 2650 859 2713 saepe
892 2633 927 2694 in
961 2630 1092 2694 insidiis
1130 2635 1251 2716 equites

179 2737 365 2820 peditesque
402 2737 620 2820 disponerent,
656 2758 771 2822 magna
809 2739 998 2801 detrimenta
1029 2737 1190 2804 Romanis
1219 2743 1249 2803 in

126 2859 160 2913 17
180 2844 438 2927 pabulationibus
461 2844 646 2908 inferebant.
694 2844 785 2920 Quod
814 2865 887 2908 curn
916 2845 1059 2908 crebrius
1084 2849 1268 2926 accideretr

181 2952 368 3034 exceptive
394 2953 533 3032 quodam
556 2953 710 3035 comperit
734 2951 848 3015 Caesar
872 2950 1037 3032 Correutn,
1064 2953 1242 3019 Bellovaco-

179 3079 252 3121 rum
280 3058 407 3138 ducem,
439 3059 684 3122 fortissimorum
716 3059 805 3121 milia
833 3078 890 3122 sex
918 3059 1063 3142 peditum
1097 3062 1244 3145 delegisse

181 3167 368 3247 equitesque
401 3184 442 3227 ex
471 3167 558 3228 omni
590 3184 722 3228 numero
751 3165 850 3248 mille,
884 3185 964 3248 quos
991 3167 1025 3228 in
1054 3167 1188 3232 insidiis
1214 3186 1247 3230 eo

271 3416 312 3466 11.
334 3414 367 3467 12
385 3413 431 3467 ubi
445 3414 618 3467 consederant
629 3420 656 3480 β;
675 3416 706 3466 ut
719 3416 914 3466 consueuerant
926 3431 958 3480 α;
977 3413 1026 3466 del.
1046 3414 1136 3468 Ve'clb.
1170 3414 1178 3487 ll
1212 3415 1251 3468 12.

183 3504 215 3555 13
234 3519 348 3570 namque
368 3543 480 3555 .......
501 3502 661 3556 declaratum
680 3504 721 3555 est
739 3502 788 3555 del.
814 3503 910 3556 Wossc
947 3503 955 3572 ll
993 3503 1026 3555 12
1045 3520 1146 3574 namq
1178 3506 1187 3573 ll
1220 3506 1253 3558 13

181 3592 376 3644 commentariis
388 3598 416 3658 β;
430 3591 623 3644 commentariis
636 3592 750 3645 caesaris
764 3611 781 3642 α
807 3593 816 3657 ΙΙ
843 3592 876 3645 13
886 3608 934 3660 per
945 3608 1041 3646 manus
1054 3593 1104 3645 dcl.
1121 3592 1234 3647 Dcebne
1246 3592 1254 3663 ll

184 3683 216 3734 15
236 3680 432 3734 oollooauerunt
449 3686 467 3747 β

272 3789 316 3842 16.
337 3787 353 3838 2
372 3787 489 3840 animum
508 3789 679 3857 aduerterett)
699 3807 734 3858 (ar
759 3789 767 3858 11
794 3789 812 3840 4
830 3789 962 3857 promouit
982 3807 999 3839 α
1022 3789 1030 3858 lt
1053 3791 1160 3843 turmas
1173 3790 1257 3843 mittit

182 3895 272 3930 onan
314 3878 322 3945 ll
363 3877 396 3928 ad
410 3883 459 3944 χβ;
479 3879 506 3928 et
523 3878 597 3946 adq
639 3878 647 3945 ll
688 3879 973 3947 beodemrqqeon
1014 3879 1022 3948 ll
1064 3878 1256 3947 71ιυηιιωβ;

182 3983 318 4020 summum
336 3965 429 4034 iugum
448 3985 465 4016 α
506 3966 515 4034 ll
556 3968 580 4019 7.
599 3966 616 4019 8
635 3967 759 4020 timerent
781 3967 967 4020 densissimam
985 3986 1007 4018 π
1048 3969 1056 4038 lt
1098 3968 1257 4022 9enimnm

181 4057 352 4110 aduerterent
370 4073 405 4125 (rc
437 4056 446 4124 tl
480 4057 511 4107 11
532 4055 664 4125 simulque
684 4055 834 4109 calliditatis
853 4074 872 4110 a

273 4166 317 4218 lt.
338 4163 354 4216 2
374 4163 498 4218 corbeum
519 4183 536 4215 n
568 4165 577 4229 ΙΙ
609 4165 633 4217 3.
653 4165 671 4215 4
689 4164 844 4233 equitesque
863 4164 994 4234 delegisse
1006 4171 1023 4232 β
1055 4165 1064 4234 ll
1095 4165 1201 4233 dquos
1214 4166 1257 4218 in-

183 4254 291 4320 sidiisd
