2806 4778
441 327 549 381 LIBER
567 327 604 381 Π.
624 325 699 381 CAP.
719 326 841 380 24-27.
1135 312 1175 374 53

108 491 190 555 ferre
213 496 245 555 et
268 491 448 574 manipulos
475 491 585 552 laxare
613 489 721 570 iussit,
750 509 813 572 quo
840 489 966 552 facilius
994 488 1107 572 gladiis
1128 491 1177 553 uti

107 604 245 680 possent.
270 599 362 661 cuius
386 597 528 661 adventu
543 616 598 680 spe
622 596 722 660 inlata
736 596 894 660 militibus
910 616 946 660 ac
961 596 1204 679 redintegratos

67 729 94 772 20
108 706 224 787 animo,
248 723 322 767 cum
345 723 401 787 pro
417 723 451 767 se
468 704 604 786 quisque
626 703 662 766 in
677 706 850 786 conspectu
865 702 1066 786 imperatoris
1082 705 1178 766 etiam

107 812 142 874 in
170 811 323 875 extremis
351 812 419 873 suis
446 809 543 874 rebus
571 826 698 894 operam
725 828 844 873 navare
872 815 1013 893 cuperet,
1045 810 1178 894 paulum

80 919 247 985 1hostium
275 918 414 1001 impetus
441 917 584 980 tardatus
613 922 668 980 est.
719 914 846 997 Caesar,
875 936 948 979 cum
976 917 1048 980 VII.
1080 916 1178 1000 legio-
1195 930 1232 986 aa

108 1044 195 1107 nem,
226 1043 307 1107 quae
330 1016 422 1087 iuxta
444 1024 643 1104 constiterat,
670 1024 747 1086 item
769 1025 877 1108 urgeri
905 1022 944 1086 ab
968 1024 1057 1087 hoste
1080 1022 1178 1087 vidis-

110 1137 172 1213 set,
200 1132 345 1195 tribunos
367 1131 505 1194 militnm
532 1132 671 1212 monuit,
698 1136 735 1194 ut
760 1131 913 1213 paulatim
941 1149 1010 1194 sese
1036 1131 1178 1214 legiones

109 1239 339 1322 coniungerent
366 1243 398 1302 et
420 1256 576 1301 conversa
599 1238 691 1321 signa
718 1238 754 1299 in
776 1237 882 1301 hostes
905 1238 1065 1300 inferrent.
1113 1258 1205 1321 quoa

82 1345 189 1410 efecto
213 1365 287 1408 cum
310 1346 381 1408 aliis
404 1345 460 1408 alii
480 1344 659 1408 subsidium
681 1345 801 1408 ferrent
824 1364 929 1427 neque
952 1345 1113 1426 timerent,
1136 1363 1177 1407 ne

109 1452 212 1515 aversi
239 1452 278 1515 ab
307 1453 397 1516 hoste
430 1452 750 1533 circumvenirentur,
784 1451 938 1515 audacius
964 1453 1113 1515 resistere
1141 1471 1178 1514 ac

107 1559 219 1622 fortius
241 1577 385 1643 pugnare
408 1563 590 1642 coeperunt.
628 1559 757 1621 interim
772 1558 890 1622 milites
913 1557 1077 1641 legionum
1101 1557 1205 1622 duaa

107 1686 192 1747 rum,
225 1685 307 1749 quae
339 1666 375 1728 in
398 1667 574 1728 novissimo
607 1667 734 1748 agmine
758 1665 916 1748 praesidio
944 1663 1178 1747 impedimentis
1228 1739 1230 1742 ¹

107 1773 245 1856 fuerant,
268 1773 389 1855 proelio
413 1773 559 1834 nuntiato
577 1791 673 1834 cursu
695 1772 826 1834 incitato
841 1772 877 1834 in
893 1790 1018 1834 summo
1042 1771 1122 1834 colle
1138 1771 1177 1834 ab

69 1899 95 1942 10
109 1878 254 1942 hostibus
282 1878 573 1963 conspiciebantur,
602 1883 634 1942 et
659 1878 691 1941 Τ.
714 1877 874 1943 Labienus
903 1878 1012 1941 castris
1040 1878 1206 1942 hostiumr

109 1987 228 2069 potitus
256 1989 353 2049 etex
383 1985 455 2048 loco
487 1986 649 2069 superiore
681 2003 763 2068 quae
794 2004 846 2048 res
873 1986 907 2047 in
930 1986 1047 2048 nostris
1069 1986 1179 2048 caenis

110 2098 298 2175 gererentur
325 2092 528 2176 conspicatus
555 2091 597 2155 X.
625 2091 786 2175 legionem
813 2091 956 2155 subsidio
979 2092 1097 2155 nostris
1120 2093 1179 2154 mi·

111 2201 159 2263 sit.
206 2201 361 2282 quicum
390 2217 432 2263 ex
459 2199 605 2280 equitum
634 2204 666 2263 et
688 2198 837 2262 calonum
864 2199 940 2282 fuga
964 2217 1026 2280 quo
1050 2199 1085 2260 in
1107 2199 1205 2263 locos

110 2325 159 2370 res
184 2310 267 2369 esset
290 2311 476 2389 quantoque
507 2306 549 2368 in‘
564 2305 706 2388 periculo
740 2312 772 2370 et
798 2310 902 2369 castra
928 2314 960 2369 et
982 2306 1125 2389 legiones
1148 2287 1191 2368 et>

68 2433 95 2473 15
109 2414 280 2496 imperator
311 2418 492 2477 versaretur
523 2413 761 2496 cognovissent,
798 2412 879 2475 nihil
914 2412 966 2476 ad.
987 2414 1178 2477 celeritatem

83 2518 170 2582 rsibi
193 2519 311 2600 reliqui
332 2519 486 2584 fecerunt.
531 2520 657 2583 Horum
682 2520 823 2584 adventu
846 2525 935 2583 tanta
961 2539 1071 2584 rerum
1094 2540 1179 2583 com·
1197 2531 1232 2587 27

109 2627 242 2689 mutatio
271 2630 320 2689 est
345 2627 442 2708 facta,
474 2631 511 2689 ut
537 2629 650 2710 nostri,
684 2628 780 2690 etiam
809 2629 865 2709 qui
892 2627 1081 2691 vulneribus
1105 2646 1179 2690 con-

108 2733 183 2797 fecti
205 2732 464 2816 procubuissent,
489 2735 586 2797 scutis
610 2735 716 2796 innixi
738 2735 896 2818 proelium
918 2733 1179 2816 redintegrarent,

109 2841 238 2904 calones
269 2841 453 2924 perterritos
485 2840 592 2904 hostes
624 2842 798 2924 conspicati
831 2841 928 2904 etiam
959 2842 1098 2904 inermes
1131 2859 1179 2902 ar-

82 2948 203 3010 omatis
219 2952 436 3027 occurrerent,
452 2947 576 3029 equites
592 2965 680 3028 vero,
704 2954 741 3011 ut
756 2946 989 3030 turpitudinem
1003 2947 1099 3030 fugae
1114 2946 1179 3009 vir-
1193 2965 1207 3007 2

109 3058 177 3117 tute
202 3053 358 3135 delerent,
388 3052 536 3117 omnibus
563 3055 597 3116 in
624 3054 704 3116 locis
731 3054 904 3136 pugnando
933 3073 967 3118 se
994 3053 1179 3136 legionariis

109 3160 266 3224 militibus
298 3159 502 3243 praeferrent.
550 3166 582 3223 at
613 3160 720 3223 hostes
753 3161 848 3224 etiam
881 3161 917 3222 in
948 3165 1093 3224 extrema
1124 3180 1207 3244 spea

110 3267 222 3330 salutis
249 3272 372 3330 tantam
393 3269 546 3331 viruitem
567 3269 807 3350 praestiterunt,
835 3271 884 3345 ut,
912 3268 1104 3351 comprimi
1127 3288 1179 3333 eo-

109 3394 182 3436 rum
205 3374 408 3455 cecidissent,
436 3375 576 3458 proximi
602 3374 780 3438 iacentibus
807 3374 992 3439 insisterent
1019 3380 1113 3456 atque
1138 3395 1180 3439 ex

69 3499 97 3541 io
111 3499 221 3544 eorum
250 3480 436 3564 corporibus
463 3487 656 3576 pugnarent,
688 3481 738 3545 his
766 3482 897 3546 deiectis
925 3487 958 3546 et
985 3483 1207 3545 coacervabat

201 3675 234 3728 19
254 3674 337 3728 Cuius
357 3675 397 3741 αῖς
416 3674 540 3743 Ηυίιιεβ
571 3679 580 3745 11
613 3675 645 3728 21
665 3675 693 3729 in
711 3693 763 3730 om.
784 3695 802 3727 a
834 3676 843 3745 11
880 3679 1042 3744 cuperentp
1073 3675 1082 3744 11
1113 3691 1179 3743 pau-

108 3762 197 3817 lulum
215 3783 237 3815 π

199 3853 245 3908 26.
265 3854 281 3907 5
301 3852 359 3906 aliis
376 3859 405 3920 βς
430 3851 499 3906 alius
519 3872 537 3904 a
569 3853 578 3921 11
609 3853 691 3907 ferret
709 3872 727 3904 a
759 3855 767 3923 11
799 3853 922 3908 dauersi
942 3853 984 3920 ef,
1008 3853 1149 3918 aduersip
1171 3851 1180 3923 11

110 3942 247 3996 9incitati
265 3941 358 3994 Hotm.
400 3941 409 4009 11
451 3942 486 3996 10
504 3942 531 3995 Τ.
551 3959 640 4012 ceap
672 3944 680 4012 11
723 3944 754 3995 11
779 3941 877 3996 nostris
901 3944 994 3995 castris
1015 3941 1058 4008 af,
1086 3941 1179 3995 castris

109 4032 243 4098 nostrisp

198 4121 273 4175 114
284 4119 389 4174 calones
400 4127 430 4187 β;
445 4121 503 4173 tum
516 4119 622 4174 calones
640 4139 657 4171 a
681 4120 689 4188 11
713 4121 946 4174 concurrerunt«
971 4125 980 4188 11
1007 4120 1023 4172 6
1040 4120 1180 4187 pugnando

116 4209 322 4278 Weissenborn,
341 4211 530 4278 pugnantque
549 4227 580 4276 α;
599 4224 702 4277 pugnae
714 4216 744 4276 ss3
762 4209 812 4263 olel.
832 4205 919 4277 Nipp.
952 4209 961 4278 11
993 4207 1181 4263 beecidissent

110 4306 200 4366 ΟΜ
