<?xml version="1.0" encoding="UTF-8"?>
<!DOCTYPE html PUBLIC "-//W3C//DTD XHTML 1.0 Transitional//EN"
    "http://www.w3.org/TR/xhtml1/DTD/xhtml1-transitional.dtd">
<html xmlns="http://www.w3.org/1999/xhtml" xml:lang="en" lang="en">
 <head>
  <title>
</title>
<meta http-equiv="Content-Type" content="text/html;charset=utf-8" />
  <meta name='ocr-system' content='tesseract 3.04.00' />
  <meta name='ocr-capabilities' content='ocr_page ocr_carea ocr_par ocr_line ocrx_word'/>
</head>
<body>
  <div class='ocr_page' id='page_1' title='image "./ciuliicaesarisb00meusgoog_0210.png"; bbox 0 0 2806 4778; ppageno 0'>
   <div class='ocr_carea' id='block_1_1' title="bbox 178 325 843 392">
    <p class='ocr_par' dir='ltr' id='par_1_1' title="bbox 178 325 843 392">
     <span class='ocr_line' id='line_1_1' title="bbox 178 325 843 392; baseline 0.009 -6"><span class='ocrx_word' id='word_1_1' title='bbox 178 325 240 386; x_wconf 80' lang='grc'>190</span> <span class='ocrx_word' id='word_1_2' title='bbox 576 338 682 391; x_wconf 82' lang='lat' dir='ltr'>BELLI</span> <span class='ocrx_word' id='word_1_3' title='bbox 700 338 843 392; x_wconf 77' lang='lat' dir='ltr'><strong>GALLICI</strong></span> 
     </span>
    </p>
   </div>
   <div class='ocr_carea' id='block_1_2' title="bbox 119 501 1278 3472">
    <p class='ocr_par' dir='ltr' id='par_1_2' title="bbox 119 501 1278 3472">
     <span class='ocr_line' id='line_1_2' title="bbox 177 501 1248 585; baseline -0.001 -20"><span class='ocrx_word' id='word_1_4' title='bbox 177 502 326 585; x_wconf 87' lang='lat' dir='ltr'>depulsos</span> <span class='ocrx_word' id='word_1_5' title='bbox 350 502 495 582; x_wconf 84' lang='lat' dir='ltr'>vidisset,</span> <span class='ocrx_word' id='word_1_6' title='bbox 525 521 587 582; x_wconf 90' lang='lat' dir='ltr'>quo</span> <span class='ocrx_word' id='word_1_7' title='bbox 611 503 719 564; x_wconf 89' lang='lat' dir='ltr'>minus</span> <span class='ocrx_word' id='word_1_8' title='bbox 741 501 842 564; x_wconf 89' lang='lat' dir='ltr'>libere</span> <span class='ocrx_word' id='word_1_9' title='bbox 870 501 977 565; x_wconf 90' lang='lat' dir='ltr'>hostes</span> <span class='ocrx_word' id='word_1_10' title='bbox 1001 503 1248 583; x_wconf 76' lang='lat' dir='ltr'>insequerentur</span> 
     </span>
     <span class='ocr_line' id='line_1_3' title="bbox 147 607 1246 692; baseline -0.003 -17"><span class='ocrx_word' id='word_1_11' title='bbox 147 614 314 675; x_wconf 75' lang='lat' dir='ltr'>sterneret.</span> <span class='ocrx_word' id='word_1_12' title='bbox 360 611 428 691; x_wconf 90' lang='lat' dir='ltr'>ipse</span> <span class='ocrx_word' id='word_1_13' title='bbox 455 609 586 690; x_wconf 86' lang='lat' dir='ltr'>paulum</span> <span class='ocrx_word' id='word_1_14' title='bbox 615 627 656 670; x_wconf 85' lang='lat' dir='ltr'>ex</span> <span class='ocrx_word' id='word_1_15' title='bbox 685 626 722 670; x_wconf 91' lang='lat' dir='ltr'>eo</span> <span class='ocrx_word' id='word_1_16' title='bbox 750 607 821 670; x_wconf 94' lang='lat' dir='ltr'>loco</span> <span class='ocrx_word' id='word_1_17' title='bbox 850 627 924 671; x_wconf 89' lang='lat' dir='ltr'>cum</span> <span class='ocrx_word' id='word_1_18' title='bbox 951 608 1083 691; x_wconf 89' lang='lat' dir='ltr'>legione</span> <span class='ocrx_word' id='word_1_19' title='bbox 1106 628 1246 692; x_wconf 73' lang='lat' dir='ltr'>progree</span> 
     </span>
     <span class='ocr_line' id='line_1_4' title="bbox 120 714 1267 797; baseline -0.004 -13"><span class='ocrx_word' id='word_1_20' title='bbox 120 730 156 784; x_wconf 76' lang='lat'>50</span> <span class='ocrx_word' id='word_1_21' title='bbox 175 736 242 797; x_wconf 91' lang='lat' dir='ltr'>sus,</span> <span class='ocrx_word' id='word_1_22' title='bbox 276 715 330 778; x_wconf 91' lang='lat' dir='ltr'>ubi</span> <span class='ocrx_word' id='word_1_23' title='bbox 359 716 555 797; x_wconf 73' lang='lat' dir='ltr'>constiterat,</span> <span class='ocrx_word' id='word_1_24' title='bbox 588 719 740 777; x_wconf 84' lang='lat' dir='ltr'>eventum</span> <span class='ocrx_word' id='word_1_25' title='bbox 768 733 894 797; x_wconf 78' lang='lat' dir='ltr'>pugnae</span> <span class='ocrx_word' id='word_1_26' title='bbox 922 715 1122 797; x_wconf 79' lang='lat' dir='ltr'>expectabat.</span> <span class='ocrx_word' id='word_1_27' title='bbox 1171 714 1267 780; x_wconf 82' lang='lat' dir='ltr'>Cumr</span> 
     </span>
     <span class='ocr_line' id='line_1_5' title="bbox 175 821 1245 904; baseline -0.001 -19"><span class='ocrx_word' id='word_1_28' title='bbox 175 824 327 886; x_wconf 85' lang='lat' dir='ltr'>acerrime</span> <span class='ocrx_word' id='word_1_29' title='bbox 356 823 537 885; x_wconf 85' lang='lat' dir='ltr'>comminus</span> <span class='ocrx_word' id='word_1_30' title='bbox 564 828 773 904; x_wconf 75' lang='lat' dir='ltr'>pugnaretur,</span> <span class='ocrx_word' id='word_1_31' title='bbox 806 821 913 884; x_wconf 85' lang='lat' dir='ltr'>hostes</span> <span class='ocrx_word' id='word_1_32' title='bbox 940 821 1011 885; x_wconf 87' lang='lat' dir='ltr'>loco</span> <span class='ocrx_word' id='word_1_33' title='bbox 1045 828 1080 885; x_wconf 93' lang='lat' dir='ltr'>et</span> <span class='ocrx_word' id='word_1_34' title='bbox 1107 841 1245 902; x_wconf 88' lang='lat' dir='ltr'>numere,</span> 
     </span>
     <span class='ocr_line' id='line_1_6' title="bbox 175 928 1244 1009; baseline -0.001 -17"><span class='ocrx_word' id='word_1_35' title='bbox 175 931 275 992; x_wconf 86' lang='lat' dir='ltr'>nostri</span> <span class='ocrx_word' id='word_1_36' title='bbox 308 931 425 992; x_wconf 87' lang='lat' dir='ltr'>virtute</span> <span class='ocrx_word' id='word_1_37' title='bbox 459 928 667 1009; x_wconf 89' lang='lat' dir='ltr'>confiderent,</span> <span class='ocrx_word' id='word_1_38' title='bbox 703 929 806 991; x_wconf 91' lang='lat' dir='ltr'>subito</span> <span class='ocrx_word' id='word_1_39' title='bbox 843 932 919 990; x_wconf 93' lang='lat' dir='ltr'>sunt</span> <span class='ocrx_word' id='word_1_40' title='bbox 950 928 1082 992; x_wconf 90' lang='lat' dir='ltr'>Haedui</span> <span class='ocrx_word' id='word_1_41' title='bbox 1117 931 1178 993; x_wconf 84' lang='lat' dir='ltr'>visi</span> <span class='ocrx_word' id='word_1_42' title='bbox 1209 929 1244 991; x_wconf 90' lang='lat' dir='ltr'>ab</span> 
     </span>
     <span class='ocr_line' id='line_1_7' title="bbox 174 1035 1244 1119; baseline -0.001 -20"><span class='ocrx_word' id='word_1_43' title='bbox 174 1038 272 1100; x_wconf 86' lang='lat' dir='ltr'>latere</span> <span class='ocrx_word' id='word_1_44' title='bbox 300 1038 416 1099; x_wconf 90' lang='lat' dir='ltr'>nostris</span> <span class='ocrx_word' id='word_1_45' title='bbox 444 1041 565 1118; x_wconf 89' lang='lat' dir='ltr'>aperto,</span> <span class='ocrx_word' id='word_1_46' title='bbox 598 1055 678 1117; x_wconf 92' lang='lat' dir='ltr'>quos</span> <span class='ocrx_word' id='word_1_47' title='bbox 707 1035 821 1098; x_wconf 81' lang='lat' dir='ltr'>Caesar</span> <span class='ocrx_word' id='word_1_48' title='bbox 853 1035 893 1098; x_wconf 89' lang='lat' dir='ltr'>ab</span> <span class='ocrx_word' id='word_1_49' title='bbox 925 1036 1039 1099; x_wconf 87' lang='lat' dir='ltr'>dextra</span> <span class='ocrx_word' id='word_1_50' title='bbox 1067 1043 1159 1119; x_wconf 84' lang='lat' dir='ltr'>parte</span> <span class='ocrx_word' id='word_1_51' title='bbox 1188 1036 1244 1098; x_wconf 85' lang='lat' dir='ltr'>alio</span> 
     </span>
     <span class='ocr_line' id='line_1_8' title="bbox 148 1142 1268 1208; baseline 0.001 -1"><span class='ocrx_word' id='word_1_52' title='bbox 148 1163 309 1207; x_wconf 86' lang='lat' dir='ltr'>aascensu</span> <span class='ocrx_word' id='word_1_53' title='bbox 332 1163 448 1206; x_wconf 86' lang='lat' dir='ltr'>manus</span> <span class='ocrx_word' id='word_1_54' title='bbox 469 1142 669 1205; x_wconf 81' lang='lat' dir='ltr'>distinendae</span> <span class='ocrx_word' id='word_1_55' title='bbox 689 1162 785 1205; x_wconf 86' lang='lat' dir='ltr'>eausa</span> <span class='ocrx_word' id='word_1_56' title='bbox 803 1144 941 1206; x_wconf 85' lang='lat' dir='ltr'>miserat.</span> <span class='ocrx_word' id='word_1_57' title='bbox 980 1143 1014 1205; x_wconf 91' lang='lat' dir='ltr'>hi</span> <span class='ocrx_word' id='word_1_58' title='bbox 1033 1143 1268 1208; x_wconf 76' lang='lat' dir='ltr'>similitudines</span> 
     </span>
     <span class='ocr_line' id='line_1_9' title="bbox 175 1251 1245 1332; baseline -0.001 -20"><span class='ocrx_word' id='word_1_59' title='bbox 175 1270 337 1312; x_wconf 86' lang='lat' dir='ltr'>armorum</span> <span class='ocrx_word' id='word_1_60' title='bbox 369 1251 572 1313; x_wconf 88' lang='lat' dir='ltr'>vehementer</span> <span class='ocrx_word' id='word_1_61' title='bbox 607 1254 732 1312; x_wconf 89' lang='lat' dir='ltr'>nostros</span> <span class='ocrx_word' id='word_1_62' title='bbox 764 1255 1015 1332; x_wconf 87' lang='lat' dir='ltr'>perterruerunt,</span> <span class='ocrx_word' id='word_1_63' title='bbox 1053 1269 1090 1312; x_wconf 85' lang='lat' dir='ltr'>ac</span> <span class='ocrx_word' id='word_1_64' title='bbox 1123 1251 1245 1314; x_wconf 87' lang='lat' dir='ltr'>tametsi</span> 
     </span>
     <span class='ocr_line' id='line_1_10' title="bbox 176 1355 1244 1439; baseline 0.001 -20"><span class='ocrx_word' id='word_1_65' title='bbox 176 1358 297 1420; x_wconf 83' lang='lat' dir='ltr'>dextris</span> <span class='ocrx_word' id='word_1_66' title='bbox 325 1358 444 1419; x_wconf 92' lang='lat' dir='ltr'>umeris</span> <span class='ocrx_word' id='word_1_67' title='bbox 477 1358 596 1420; x_wconf 83' lang='lat' dir='ltr'>exertis</span> <span class='ocrx_word' id='word_1_68' title='bbox 625 1355 971 1438; x_wconf 77' lang='lat' dir='ltr'>animadvertebantur,</span> <span class='ocrx_word' id='word_1_69' title='bbox 1005 1358 1094 1438; x_wconf 90' lang='lat' dir='ltr'>quod</span> <span class='ocrx_word' id='word_1_70' title='bbox 1123 1358 1244 1439; x_wconf 82' lang='lat' dir='ltr'>insigne</span> 
     </span>
     <span class='ocr_line' id='line_1_11' title="bbox 174 1462 1245 1546; baseline 0.002 -21"><span class='ocrx_word' id='word_1_71' title='bbox 174 1469 303 1546; x_wconf 90' lang='lat' dir='ltr'>pactum</span> <span class='ocrx_word' id='word_1_72' title='bbox 328 1482 395 1526; x_wconf 87' lang='lat' dir='ltr'>esse</span> <span class='ocrx_word' id='word_1_73' title='bbox 420 1471 601 1543; x_wconf 90' lang='lat' dir='ltr'>consuerat,</span> <span class='ocrx_word' id='word_1_74' title='bbox 626 1468 731 1525; x_wconf 90' lang='lat' dir='ltr'>tamen</span> <span class='ocrx_word' id='word_1_75' title='bbox 754 1464 788 1525; x_wconf 90' lang='lat' dir='ltr'>id</span> <span class='ocrx_word' id='word_1_76' title='bbox 807 1464 912 1546; x_wconf 91' lang='lat' dir='ltr'>ipsum</span> <span class='ocrx_word' id='word_1_77' title='bbox 933 1464 984 1526; x_wconf 91' lang='lat' dir='ltr'>sui</span> <span class='ocrx_word' id='word_1_78' title='bbox 1001 1462 1136 1526; x_wconf 86' lang='lat' dir='ltr'>fallendi</span> <span class='ocrx_word' id='word_1_79' title='bbox 1154 1484 1245 1527; x_wconf 84' lang='lat' dir='ltr'>causa</span> 
     </span>
     <span class='ocr_line' id='line_1_12' title="bbox 147 1569 1243 1655; baseline 0.002 -23"><span class='ocrx_word' id='word_1_80' title='bbox 147 1570 292 1633; x_wconf 83' lang='lat' dir='ltr'>amilites</span> <span class='ocrx_word' id='word_1_81' title='bbox 315 1570 354 1632; x_wconf 89' lang='lat' dir='ltr'>ab</span> <span class='ocrx_word' id='word_1_82' title='bbox 378 1569 522 1634; x_wconf 87' lang='lat' dir='ltr'>hostibus</span> <span class='ocrx_word' id='word_1_83' title='bbox 545 1571 664 1633; x_wconf 89' lang='lat' dir='ltr'>factum</span> <span class='ocrx_word' id='word_1_84' title='bbox 688 1570 922 1633; x_wconf 88' lang='lat' dir='ltr'>existimabant.</span> <span class='ocrx_word' id='word_1_85' title='bbox 966 1569 1080 1634; x_wconf 91' lang='lat' dir='ltr'>eodem</span> <span class='ocrx_word' id='word_1_86' title='bbox 1105 1576 1243 1655; x_wconf 92' lang='lat' dir='ltr'>tempore</span> 
     </span>
     <span class='ocr_line' id='line_1_13' title="bbox 175 1676 1278 1759; baseline 0.001 -20"><span class='ocrx_word' id='word_1_87' title='bbox 175 1676 208 1739; x_wconf 89' lang='lat' dir='ltr'>L.</span> <span class='ocrx_word' id='word_1_88' title='bbox 232 1676 350 1740; x_wconf 84' lang='lat' dir='ltr'>Fabius</span> <span class='ocrx_word' id='word_1_89' title='bbox 378 1679 521 1741; x_wconf 88' lang='lat' dir='ltr'>centurio</span> <span class='ocrx_word' id='word_1_90' title='bbox 552 1679 672 1759; x_wconf 86' lang='lat' dir='ltr'>quique</span> <span class='ocrx_word' id='word_1_91' title='bbox 700 1698 765 1740; x_wconf 85' lang='lat' dir='ltr'>una</span> <span class='ocrx_word' id='word_1_92' title='bbox 792 1697 920 1739; x_wconf 90' lang='lat' dir='ltr'>murum</span> <span class='ocrx_word' id='word_1_93' title='bbox 948 1679 1163 1741; x_wconf 81' lang='lat' dir='ltr'>ascenderant</span> <span class='ocrx_word' id='word_1_94' title='bbox 1187 1679 1244 1741; x_wconf 90' lang='lat' dir='ltr'>cir·</span> <span class='ocrx_word' id='word_1_95' title='bbox 1255 1699 1278 1740; x_wconf 85' lang='lat'>10</span> 
     </span>
     <span class='ocr_line' id='line_1_14' title="bbox 146 1783 1243 1867; baseline 0.003 -22"><span class='ocrx_word' id='word_1_96' title='bbox 146 1787 336 1848; x_wconf 64' lang='lat' dir='ltr'>neuma-enti</span> <span class='ocrx_word' id='word_1_97' title='bbox 352 1791 448 1865; x_wconf 87' lang='lat' dir='ltr'>atque</span> <span class='ocrx_word' id='word_1_98' title='bbox 463 1784 623 1847; x_wconf 82' lang='lat' dir='ltr'>interlecti</span> <span class='ocrx_word' id='word_1_99' title='bbox 639 1785 678 1848; x_wconf 93' lang='lat' dir='ltr'>de</span> <span class='ocrx_word' id='word_1_100' title='bbox 695 1805 785 1847; x_wconf 89' lang='lat' dir='ltr'>muro</span> <span class='ocrx_word' id='word_1_101' title='bbox 802 1783 1103 1867; x_wconf 85' lang='lat' dir='ltr'>praecipitabantur.</span> <span class='ocrx_word' id='word_1_102' title='bbox 1133 1785 1174 1848; x_wconf 90' lang='lat' dir='ltr'>M.</span> <span class='ocrx_word' id='word_1_103' title='bbox 1188 1785 1243 1848; x_wconf 81' lang='lat' dir='ltr'>Pe</span> 
     </span>
     <span class='ocr_line' id='line_1_15' title="bbox 174 1891 1243 1975; baseline -0.001 -21"><span class='ocrx_word' id='word_1_104' title='bbox 174 1894 309 1975; x_wconf 79' lang='lat' dir='ltr'>troniuS,</span> <span class='ocrx_word' id='word_1_105' title='bbox 338 1891 481 1955; x_wconf 91' lang='lat' dir='ltr'>eiusdem</span> <span class='ocrx_word' id='word_1_106' title='bbox 509 1892 643 1973; x_wconf 87' lang='lat' dir='ltr'>legionis</span> <span class='ocrx_word' id='word_1_107' title='bbox 672 1893 830 1972; x_wconf 78' lang='lat' dir='ltr'>centurie,</span> <span class='ocrx_word' id='word_1_108' title='bbox 858 1911 933 1955; x_wconf 92' lang='lat' dir='ltr'>cum</span> <span class='ocrx_word' id='word_1_109' title='bbox 960 1896 1068 1975; x_wconf 90' lang='lat' dir='ltr'>portas</span> <span class='ocrx_word' id='word_1_110' title='bbox 1096 1893 1243 1955; x_wconf 88' lang='lat' dir='ltr'>excidere</span> 
     </span>
     <span class='ocr_line' id='line_1_16' title="bbox 174 1997 1242 2083; baseline -0.001 -21"><span class='ocrx_word' id='word_1_111' title='bbox 174 2005 306 2062; x_wconf 89' lang='lat' dir='ltr'>conatus</span> <span class='ocrx_word' id='word_1_112' title='bbox 331 2007 426 2080; x_wconf 87' lang='lat' dir='ltr'>esset,</span> <span class='ocrx_word' id='word_1_113' title='bbox 455 2019 473 2061; x_wconf 92' lang='lat' dir='ltr'>a</span> <span class='ocrx_word' id='word_1_114' title='bbox 496 1998 702 2061; x_wconf 88' lang='lat' dir='ltr'>multitudine</span> <span class='ocrx_word' id='word_1_115' title='bbox 731 2017 899 2081; x_wconf 91' lang='lat' dir='ltr'>oppressus</span> <span class='ocrx_word' id='word_1_116' title='bbox 927 2018 963 2062; x_wconf 87' lang='lat' dir='ltr'>ac</span> <span class='ocrx_word' id='word_1_117' title='bbox 986 1997 1049 2061; x_wconf 86' lang='lat' dir='ltr'>sibi</span> <span class='ocrx_word' id='word_1_118' title='bbox 1074 1999 1242 2083; x_wconf 89' lang='lat' dir='ltr'>desperans</span> 
     </span>
     <span class='ocr_line' id='line_1_17' title="bbox 173 2105 1242 2189; baseline 0.002 -21"><span class='ocrx_word' id='word_1_119' title='bbox 173 2106 282 2169; x_wconf 88' lang='lat' dir='ltr'>multis</span> <span class='ocrx_word' id='word_1_120' title='bbox 310 2108 374 2168; x_wconf 84' lang='lat' dir='ltr'>ianr</span> <span class='ocrx_word' id='word_1_121' title='bbox 401 2105 589 2168; x_wconf 77' lang='lat' dir='ltr'>vulneribus</span> <span class='ocrx_word' id='word_1_122' title='bbox 622 2107 757 2188; x_wconf 87' lang='lat' dir='ltr'>acceptis</span> <span class='ocrx_word' id='word_1_123' title='bbox 789 2105 1042 2188; x_wconf 89' lang='lat' dir='ltr'>manipularibus</span> <span class='ocrx_word' id='word_1_124' title='bbox 1076 2108 1157 2189; x_wconf 89' lang='lat' dir='ltr'>suis,</span> <span class='ocrx_word' id='word_1_125' title='bbox 1190 2107 1242 2188; x_wconf 92' lang='lat' dir='ltr'>qui</span> 
     </span>
     <span class='ocr_line' id='line_1_18' title="bbox 173 2212 1278 2294; baseline -0.002 -21"><span class='ocrx_word' id='word_1_126' title='bbox 173 2212 263 2274; x_wconf 90' lang='lat' dir='ltr'>illum</span> <span class='ocrx_word' id='word_1_127' title='bbox 289 2215 391 2276; x_wconf 90' lang='lat' dir='ltr'>secuti</span> <span class='ocrx_word' id='word_1_128' title='bbox 415 2219 518 2293; x_wconf 86' lang='lat' dir='ltr'>erant,</span> <span class='ocrx_word' id='word_1_129' title='bbox 543 2212 731 2294; x_wconf 76' lang='lat' dir='ltr'>‘quoniam&#39;,</span> <span class='ocrx_word' id='word_1_130' title='bbox 759 2213 876 2294; x_wconf 90' lang='lat' dir='ltr'>inquit,</span> <span class='ocrx_word' id='word_1_131' title='bbox 901 2213 965 2276; x_wconf 85' lang='lat' dir='ltr'>‘me</span> <span class='ocrx_word' id='word_1_132' title='bbox 988 2233 1054 2275; x_wconf 87' lang='lat' dir='ltr'>una</span> <span class='ocrx_word' id='word_1_133' title='bbox 1077 2213 1240 2276; x_wconf 86' lang='lat' dir='ltr'>vobiscum</span> <span class='ocrx_word' id='word_1_134' title='bbox 1254 2231 1278 2272; x_wconf 75' lang='lat'>15</span> 
     </span>
     <span class='ocr_line' id='line_1_19' title="bbox 174 2319 1242 2403; baseline 0.001 -23"><span class='ocrx_word' id='word_1_135' title='bbox 174 2337 301 2380; x_wconf 84' lang='lat' dir='ltr'>servare</span> <span class='ocrx_word' id='word_1_136' title='bbox 328 2339 392 2381; x_wconf 93' lang='lat' dir='ltr'>non</span> <span class='ocrx_word' id='word_1_137' title='bbox 420 2339 563 2402; x_wconf 91' lang='lat' dir='ltr'>possum,</span> <span class='ocrx_word' id='word_1_138' title='bbox 592 2327 713 2382; x_wconf 86' lang='lat' dir='ltr'>vestrae</span> <span class='ocrx_word' id='word_1_139' title='bbox 743 2319 872 2401; x_wconf 91' lang='lat' dir='ltr'>quidem</span> <span class='ocrx_word' id='word_1_140' title='bbox 901 2324 985 2382; x_wconf 90' lang='lat' dir='ltr'>certe</span> <span class='ocrx_word' id='word_1_141' title='bbox 1013 2320 1096 2382; x_wconf 88' lang='lat' dir='ltr'>vitae</span> <span class='ocrx_word' id='word_1_142' title='bbox 1124 2320 1242 2403; x_wconf 92' lang='lat' dir='ltr'>prospi-</span> 
     </span>
     <span class='ocr_line' id='line_1_20' title="bbox 175 2426 1242 2509; baseline 0.004 -24"><span class='ocrx_word' id='word_1_143' title='bbox 175 2426 268 2506; x_wconf 88' lang='lat' dir='ltr'>ciam,</span> <span class='ocrx_word' id='word_1_144' title='bbox 299 2444 378 2507; x_wconf 91' lang='lat' dir='ltr'>quos</span> <span class='ocrx_word' id='word_1_145' title='bbox 402 2426 573 2508; x_wconf 87' lang='lat' dir='ltr'>eupiditate</span> <span class='ocrx_word' id='word_1_146' title='bbox 596 2427 714 2509; x_wconf 87' lang='lat' dir='ltr'>gloriae</span> <span class='ocrx_word' id='word_1_147' title='bbox 743 2426 901 2489; x_wconf 88' lang='lat' dir='ltr'>adductus</span> <span class='ocrx_word' id='word_1_148' title='bbox 928 2427 961 2488; x_wconf 92' lang='lat' dir='ltr'>in</span> <span class='ocrx_word' id='word_1_149' title='bbox 985 2426 1168 2508; x_wconf 90' lang='lat' dir='ltr'>periculum</span> <span class='ocrx_word' id='word_1_150' title='bbox 1192 2427 1242 2489; x_wconf 92' lang='lat' dir='ltr'>de-</span> 
     </span>
     <span class='ocr_line' id='line_1_21' title="bbox 147 2531 1241 2597; baseline 0.003 -5"><span class='ocrx_word' id='word_1_151' title='bbox 147 2531 262 2593; x_wconf 77' lang='lat' dir='ltr'>oduxi.</span> <span class='ocrx_word' id='word_1_152' title='bbox 298 2551 354 2594; x_wconf 84' lang='lat' dir='ltr'>vos</span> <span class='ocrx_word' id='word_1_153' title='bbox 374 2532 447 2595; x_wconf 89' lang='lat' dir='ltr'>data</span> <span class='ocrx_word' id='word_1_154' title='bbox 464 2532 612 2596; x_wconf 87' lang='lat' dir='ltr'>facultate</span> <span class='ocrx_word' id='word_1_155' title='bbox 631 2533 722 2595; x_wconf 85' lang='lat' dir='ltr'>vobis</span> <span class='ocrx_word' id='word_1_156' title='bbox 742 2532 918 2596; x_wconf 62' lang='lat' dir='ltr'>consulite)</span> <span class='ocrx_word' id='word_1_157' title='bbox 951 2532 1048 2596; x_wconf 91' lang='lat' dir='ltr'>simul</span> <span class='ocrx_word' id='word_1_158' title='bbox 1067 2534 1103 2596; x_wconf 90' lang='lat' dir='ltr'>in</span> <span class='ocrx_word' id='word_1_159' title='bbox 1122 2534 1241 2597; x_wconf 90' lang='lat' dir='ltr'>medios</span> 
     </span>
     <span class='ocr_line' id='line_1_22' title="bbox 173 2639 1242 2723; baseline 0.002 -23"><span class='ocrx_word' id='word_1_160' title='bbox 173 2639 286 2701; x_wconf 82' lang='lat' dir='ltr'>hostes·</span> <span class='ocrx_word' id='word_1_161' title='bbox 301 2640 422 2722; x_wconf 89' lang='lat' dir='ltr'>imupit</span> <span class='ocrx_word' id='word_1_162' title='bbox 446 2639 634 2721; x_wconf 88' lang='lat' dir='ltr'>duobusque</span> <span class='ocrx_word' id='word_1_163' title='bbox 658 2640 831 2703; x_wconf 81' lang='lat' dir='ltr'>interfectis</span> <span class='ocrx_word' id='word_1_164' title='bbox 853 2639 993 2723; x_wconf 89' lang='lat' dir='ltr'>reliquos</span> <span class='ocrx_word' id='word_1_165' title='bbox 1017 2659 1036 2701; x_wconf 88' lang='lat' dir='ltr'>a</span> <span class='ocrx_word' id='word_1_166' title='bbox 1057 2646 1151 2722; x_wconf 89' lang='lat' dir='ltr'>porta</span> <span class='ocrx_word' id='word_1_167' title='bbox 1168 2660 1242 2723; x_wconf 89' lang='lat' dir='ltr'>pau-</span> 
     </span>
     <span class='ocr_line' id='line_1_23' title="bbox 147 2747 1278 2829; baseline -0.002 -23"><span class='ocrx_word' id='word_1_168' title='bbox 147 2747 241 2808; x_wconf 86' lang='lat' dir='ltr'>olum</span> <span class='ocrx_word' id='word_1_169' title='bbox 265 2747 432 2809; x_wconf 87' lang='lat' dir='ltr'>submovit.</span> <span class='ocrx_word' id='word_1_170' title='bbox 473 2747 662 2810; x_wconf 88' lang='lat' dir='ltr'>conantibus</span> <span class='ocrx_word' id='word_1_171' title='bbox 687 2747 836 2809; x_wconf 87' lang='lat' dir='ltr'>auxiliari</span> <span class='ocrx_word' id='word_1_172' title='bbox 860 2748 927 2810; x_wconf 91' lang='lat' dir='ltr'>suis</span> <span class='ocrx_word' id='word_1_173' title='bbox 951 2747 1104 2829; x_wconf 83' lang='lat' dir='ltr'>‘frustra&#39;,</span> <span class='ocrx_word' id='word_1_174' title='bbox 1128 2749 1278 2829; x_wconf 81' lang='lat' dir='ltr'>inquitao</span> 
     </span>
     <span class='ocr_line' id='line_1_24' title="bbox 174 2853 1241 2936; baseline 0.003 -21"><span class='ocrx_word' id='word_1_175' title='bbox 174 2853 276 2917; x_wconf 83' lang='lat' dir='ltr'>‘meac</span> <span class='ocrx_word' id='word_1_176' title='bbox 295 2856 378 2917; x_wconf 81' lang='lat' dir='ltr'>vitae</span> <span class='ocrx_word' id='word_1_177' title='bbox 402 2855 575 2918; x_wconf 83' lang='lat' dir='ltr'>subvenire</span> <span class='ocrx_word' id='word_1_178' title='bbox 594 2855 767 2935; x_wconf 90' lang='lat' dir='ltr'>conamini,</span> <span class='ocrx_word' id='word_1_179' title='bbox 793 2873 887 2935; x_wconf 93' lang='lat' dir='ltr'>quem</span> <span class='ocrx_word' id='word_1_180' title='bbox 909 2855 973 2916; x_wconf 90' lang='lat' dir='ltr'>iam</span> <span class='ocrx_word' id='word_1_181' title='bbox 993 2855 1125 2936; x_wconf 89' lang='lat' dir='ltr'>sanguis</span> <span class='ocrx_word' id='word_1_182' title='bbox 1144 2856 1241 2918; x_wconf 76' lang='lat' dir='ltr'>vires</span> 
     </span>
     <span class='ocr_line' id='line_1_25' title="bbox 175 2961 1241 3044; baseline 0.002 -22"><span class='ocrx_word' id='word_1_183' title='bbox 175 2979 236 3042; x_wconf 91' lang='lat' dir='ltr'>que</span> <span class='ocrx_word' id='word_1_184' title='bbox 265 2961 425 3024; x_wconf 88' lang='lat' dir='ltr'>deficiunt.</span> <span class='ocrx_word' id='word_1_185' title='bbox 472 2962 605 3044; x_wconf 88' lang='lat' dir='ltr'>proinde</span> <span class='ocrx_word' id='word_1_186' title='bbox 634 2961 729 3043; x_wconf 85' lang='lat' dir='ltr'>abite,</span> <span class='ocrx_word' id='word_1_187' title='bbox 763 2962 840 3024; x_wconf 89' lang='lat' dir='ltr'>dum</span> <span class='ocrx_word' id='word_1_188' title='bbox 868 2967 915 3024; x_wconf 91' lang='lat' dir='ltr'>est</span> <span class='ocrx_word' id='word_1_189' title='bbox 941 2961 1088 3042; x_wconf 78' lang='lat' dir='ltr'>facultaS,</span> <span class='ocrx_word' id='word_1_190' title='bbox 1121 2980 1241 3043; x_wconf 85' lang='lat' dir='ltr'>vosque</span> 
     </span>
     <span class='ocr_line' id='line_1_26' title="bbox 173 3067 1242 3150; baseline 0.002 -21"><span class='ocrx_word' id='word_1_191' title='bbox 173 3068 213 3130; x_wconf 90' lang='lat' dir='ltr'>ad</span> <span class='ocrx_word' id='word_1_192' title='bbox 236 3068 394 3150; x_wconf 88' lang='lat' dir='ltr'>legionem</span> <span class='ocrx_word' id='word_1_193' title='bbox 418 3067 568 3150; x_wconf 66' lang='lat' dir='ltr'>recipite!</span> <span class='ocrx_word' id='word_1_194' title='bbox 615 3069 660 3130; x_wconf 86' lang='lat' dir='ltr'>ita</span> <span class='ocrx_word' id='word_1_195' title='bbox 682 3087 828 3150; x_wconf 89' lang='lat' dir='ltr'>pugnans</span> <span class='ocrx_word' id='word_1_196' title='bbox 855 3073 926 3150; x_wconf 92' lang='lat' dir='ltr'>post</span> <span class='ocrx_word' id='word_1_197' title='bbox 947 3067 1079 3150; x_wconf 91' lang='lat' dir='ltr'>paulum</span> <span class='ocrx_word' id='word_1_198' title='bbox 1103 3068 1242 3131; x_wconf 90' lang='lat' dir='ltr'>concidit</span> 
     </span>
     <span class='ocr_line' id='line_1_27' title="bbox 119 3173 1264 3257; baseline -0.006 -18"><span class='ocrx_word' id='word_1_199' title='bbox 119 3185 154 3239; x_wconf 77' lang='lat' dir='ltr'>bl</span> <span class='ocrx_word' id='word_1_200' title='bbox 174 3193 210 3236; x_wconf 85' lang='lat' dir='ltr'>ao</span> <span class='ocrx_word' id='word_1_201' title='bbox 238 3177 305 3238; x_wconf 89' lang='lat' dir='ltr'>suis</span> <span class='ocrx_word' id='word_1_202' title='bbox 337 3176 431 3239; x_wconf 90' lang='lat' dir='ltr'>saluti</span> <span class='ocrx_word' id='word_1_203' title='bbox 462 3174 530 3237; x_wconf 91' lang='lat' dir='ltr'>fuit.</span> <span class='ocrx_word' id='word_1_204' title='bbox 576 3173 698 3253; x_wconf 88' lang='lat' dir='ltr'>Nostri,</span> <span class='ocrx_word' id='word_1_205' title='bbox 731 3195 805 3237; x_wconf 90' lang='lat' dir='ltr'>cum</span> <span class='ocrx_word' id='word_1_206' title='bbox 837 3174 981 3256; x_wconf 91' lang='lat' dir='ltr'>undique</span> <span class='ocrx_word' id='word_1_207' title='bbox 1013 3180 1264 3257; x_wconf 77' lang='lat' dir='ltr'>premerentur,r</span> 
     </span>
     <span class='ocr_line' id='line_1_28' title="bbox 172 3280 1241 3345; baseline -0.001 -1"><span class='ocrx_word' id='word_1_208' title='bbox 172 3280 279 3344; x_wconf 85' lang='lat' dir='ltr'>XLVI</span> <span class='ocrx_word' id='word_1_209' title='bbox 307 3282 547 3345; x_wconf 87' lang='lat' dir='ltr'>centurionibus</span> <span class='ocrx_word' id='word_1_210' title='bbox 576 3282 699 3344; x_wconf 89' lang='lat' dir='ltr'>amissis</span> <span class='ocrx_word' id='word_1_211' title='bbox 732 3280 846 3345; x_wconf 91' lang='lat' dir='ltr'>deiecti</span> <span class='ocrx_word' id='word_1_212' title='bbox 879 3286 954 3344; x_wconf 90' lang='lat' dir='ltr'>sunt</span> <span class='ocrx_word' id='word_1_213' title='bbox 984 3281 1064 3344; x_wconf 91' lang='lat' dir='ltr'>loco.</span> <span class='ocrx_word' id='word_1_214' title='bbox 1110 3281 1167 3345; x_wconf 89' lang='lat' dir='ltr'>sed</span> <span class='ocrx_word' id='word_1_215' title='bbox 1194 3284 1241 3344; x_wconf 91' lang='lat' dir='ltr'>in-</span> 
     </span>
     <span class='ocr_line' id='line_1_29' title="bbox 173 3388 1242 3472; baseline 0 -22"><span class='ocrx_word' id='word_1_216' title='bbox 173 3388 358 3452; x_wconf 90' lang='lat' dir='ltr'>tolerantius</span> <span class='ocrx_word' id='word_1_217' title='bbox 392 3389 500 3452; x_wconf 84' lang='lat' dir='ltr'>Gallos</span> <span class='ocrx_word' id='word_1_218' title='bbox 534 3390 740 3471; x_wconf 88' lang='lat' dir='ltr'>insequentes</span> <span class='ocrx_word' id='word_1_219' title='bbox 776 3390 858 3471; x_wconf 88' lang='lat' dir='ltr'>legio</span> <span class='ocrx_word' id='word_1_220' title='bbox 896 3388 937 3451; x_wconf 91' lang='lat' dir='ltr'>X.</span> <span class='ocrx_word' id='word_1_221' title='bbox 971 3388 1120 3470; x_wconf 83' lang='lat' dir='ltr'>tardavit,</span> <span class='ocrx_word' id='word_1_222' title='bbox 1159 3407 1242 3472; x_wconf 90' lang='lat' dir='ltr'>quae</span> 
     </span>
    </p>
   </div>
   <div class='ocr_carea' id='block_1_3' title="bbox 261 3615 710 3686">
    <p class='ocr_par' dir='ltr' id='par_1_3' title="bbox 261 3615 710 3686">
     <span class='ocr_line' id='line_1_30' title="bbox 261 3615 710 3686; baseline -0.002 -16"><span class='ocrx_word' id='word_1_223' title='bbox 261 3615 422 3684; x_wconf 72' lang='lat' dir='ltr'>6pulsosfl</span> <span class='ocrx_word' id='word_1_224' title='bbox 454 3619 462 3685; x_wconf 92' lang='grc' dir='ltr'>ΗΗ</span> <span class='ocrx_word' id='word_1_225' title='bbox 495 3617 669 3686; x_wconf 82' lang='lat' dir='ltr'>7paululum</span> <span class='ocrx_word' id='word_1_226' title='bbox 688 3637 710 3669; x_wconf 82' lang='grc' dir='ltr'>π</span> 
     </span>
    </p>
   </div>
   <div class='ocr_carea' id='block_1_4' title="bbox 169 3722 1242 4333">
    <p class='ocr_par' dir='ltr' id='par_1_4' title="bbox 169 3722 1242 4243">
     <span class='ocr_line' id='line_1_31' title="bbox 260 3722 1242 3795; baseline -0.001 -19"><span class='ocrx_word' id='word_1_227' title='bbox 260 3724 305 3777; x_wconf 77' lang='lat'>50.</span> <span class='ocrx_word' id='word_1_228' title='bbox 326 3723 342 3776; x_wconf 85' lang='lat'>2</span> <span class='ocrx_word' id='word_1_229' title='bbox 361 3728 522 3792; x_wconf 85' lang='lat' dir='ltr'>pugnaretur</span> <span class='ocrx_word' id='word_1_230' title='bbox 541 3743 593 3778; x_wconf 86' lang='lat' dir='ltr'>om.</span> <span class='ocrx_word' id='word_1_231' title='bbox 615 3745 632 3777; x_wconf 82' lang='grc' dir='ltr'>α</span> <span class='ocrx_word' id='word_1_232' title='bbox 664 3726 673 3790; x_wconf 89' lang='grc' dir='ltr'>ΗΗ</span> <span class='ocrx_word' id='word_1_233' title='bbox 705 3726 729 3778; x_wconf 88' lang='lat'>3.</span> <span class='ocrx_word' id='word_1_234' title='bbox 747 3725 764 3777; x_wconf 88' lang='grc'>4</span> <span class='ocrx_word' id='word_1_235' title='bbox 783 3742 799 3778; x_wconf 90' lang='lat' dir='ltr'>a</span> <span class='ocrx_word' id='word_1_236' title='bbox 816 3723 933 3791; x_wconf 60' lang='lat' dir='ltr'>lateret}</span> <span class='ocrx_word' id='word_1_237' title='bbox 969 3722 977 3795; x_wconf 95' lang='grc' dir='ltr'>ΗΗ</span> <span class='ocrx_word' id='word_1_238' title='bbox 1014 3724 1174 3778; x_wconf 73' lang='lat' dir='ltr'>ladextra</span> <span class='ocrx_word' id='word_1_239' title='bbox 1192 3742 1215 3775; x_wconf 83' lang='grc' dir='ltr'><em>π</em></span> <span class='ocrx_word' id='word_1_240' title='bbox 1232 3722 1242 3794; x_wconf 90' lang='grc' dir='ltr'>ΗΗ</span> 
     </span>
     <span class='ocr_line' id='line_1_32' title="bbox 171 3811 1240 3884; baseline 0 -18"><span class='ocrx_word' id='word_1_241' title='bbox 171 3815 302 3866; x_wconf 72' lang='lat' dir='ltr'>emenus</span> <span class='ocrx_word' id='word_1_242' title='bbox 321 3829 373 3865; x_wconf 86' lang='lat' dir='ltr'>om.</span> <span class='ocrx_word' id='word_1_243' title='bbox 394 3831 416 3864; x_wconf 81' lang='grc' dir='ltr'><em>π</em></span> <span class='ocrx_word' id='word_1_244' title='bbox 462 3811 470 3884; x_wconf 96' lang='grc' dir='ltr'>ΗΗ</span> <span class='ocrx_word' id='word_1_245' title='bbox 515 3813 658 3882; x_wconf 85' lang='lat' dir='ltr'>8pactum</span> <span class='ocrx_word' id='word_1_246' title='bbox 682 3813 786 3881; x_wconf 80' lang='lat' dir='ltr'>Heller3</span> <span class='ocrx_word' id='word_1_247' title='bbox 811 3816 934 3882; x_wconf 86' lang='lat' dir='ltr'>pacatum</span> <span class='ocrx_word' id='word_1_248' title='bbox 952 3812 983 3865; x_wconf 88' lang='lat' dir='ltr'><strong><em>X</em></strong></span> <span class='ocrx_word' id='word_1_249' title='bbox 1025 3811 1034 3884; x_wconf 96' lang='grc' dir='ltr'>ΗΗ</span> <span class='ocrx_word' id='word_1_250' title='bbox 1080 3813 1114 3867; x_wconf 90' lang='grc'>10</span> <span class='ocrx_word' id='word_1_251' title='bbox 1132 3813 1240 3880; x_wconf 85' lang='lat' dir='ltr'>Fabius]</span> 
     </span>
     <span class='ocr_line' id='line_1_33' title="bbox 171 3899 1241 3974; baseline -0.003 -19"><span class='ocrx_word' id='word_1_252' title='bbox 171 3902 314 3970; x_wconf 61' lang='lat' dir='ltr'>sabinusg</span> <span class='ocrx_word' id='word_1_253' title='bbox 350 3900 359 3973; x_wconf 96' lang='grc' dir='ltr'>ΗΗ</span> <span class='ocrx_word' id='word_1_254' title='bbox 396 3900 602 3973; x_wconf 73' lang='lat' dir='ltr'>escenderentp</span> <span class='ocrx_word' id='word_1_255' title='bbox 639 3902 647 3974; x_wconf 95' lang='grc' dir='ltr'>ΗΗ</span> <span class='ocrx_word' id='word_1_256' title='bbox 686 3905 716 3956; x_wconf 87' lang='grc'>11</span> <span class='ocrx_word' id='word_1_257' title='bbox 739 3903 771 3956; x_wconf 92' lang='lat' dir='ltr'>de</span> <span class='ocrx_word' id='word_1_258' title='bbox 790 3920 843 3955; x_wconf 85' lang='lat' dir='ltr'>om.</span> <span class='ocrx_word' id='word_1_259' title='bbox 864 3923 881 3954; x_wconf 80' lang='lat' dir='ltr'><em>a</em></span> <span class='ocrx_word' id='word_1_260' title='bbox 918 3901 926 3974; x_wconf 95' lang='grc' dir='ltr'>ΗΗ</span> <span class='ocrx_word' id='word_1_261' title='bbox 966 3901 1173 3971; x_wconf 83' lang='lat' dir='ltr'>praecipitantur</span> <span class='ocrx_word' id='word_1_262' title='bbox 1191 3920 1213 3952; x_wconf 85' lang='grc' dir='ltr'><em>π</em></span> <span class='ocrx_word' id='word_1_263' title='bbox 1231 3899 1241 3971; x_wconf 91' lang='grc' dir='ltr'>ΗΗ</span> 
     </span>
     <span class='ocr_line' id='line_1_34' title="bbox 169 3989 1241 4064; baseline -0.002 -19"><span class='ocrx_word' id='word_1_264' title='bbox 169 3991 205 4046; x_wconf 91' lang='lat' dir='ltr'>M.</span> <span class='ocrx_word' id='word_1_265' title='bbox 226 4010 278 4045; x_wconf 83' lang='lat' dir='ltr'>om.</span> <span class='ocrx_word' id='word_1_266' title='bbox 298 4012 320 4044; x_wconf 83' lang='grc' dir='ltr'>π</span> <span class='ocrx_word' id='word_1_267' title='bbox 366 3989 374 4063; x_wconf 95' lang='grc' dir='ltr'>ΗΗ</span> <span class='ocrx_word' id='word_1_268' title='bbox 422 3993 462 4045; x_wconf 91' lang='grc'>11.</span> <span class='ocrx_word' id='word_1_269' title='bbox 484 3993 517 4044; x_wconf 87' lang='grc'>12</span> <span class='ocrx_word' id='word_1_270' title='bbox 536 3993 652 4060; x_wconf 88' lang='lat' dir='ltr'>petreius</span> <span class='ocrx_word' id='word_1_271' title='bbox 672 4012 700 4064; x_wconf 69' lang='lat'>03</span> <span class='ocrx_word' id='word_1_272' title='bbox 723 3992 892 4061; x_wconf 85' lang='lat' dir='ltr'>P1·eterea(?)</span> <span class='ocrx_word' id='word_1_273' title='bbox 912 4011 934 4043; x_wconf 83' lang='grc' dir='ltr'>π</span> <span class='ocrx_word' id='word_1_274' title='bbox 980 3990 988 4063; x_wconf 96' lang='grc' dir='ltr'>ΗΗ</span> <span class='ocrx_word' id='word_1_275' title='bbox 1035 3992 1068 4044; x_wconf 86' lang='grc'>13</span> <span class='ocrx_word' id='word_1_276' title='bbox 1091 4007 1178 4044; x_wconf 84' lang='lat' dir='ltr'>acm.</span> <span class='ocrx_word' id='word_1_277' title='bbox 1196 3997 1214 4058; x_wconf 79' lang='grc' dir='ltr'><em>β</em></span> <span class='ocrx_word' id='word_1_278' title='bbox 1231 3989 1241 4060; x_wconf 92' lang='grc' dir='ltr'>ΗΗ</span> 
     </span>
     <span class='ocr_line' id='line_1_35' title="bbox 170 4079 1238 4154; baseline -0.003 -19"><span class='ocrx_word' id='word_1_279' title='bbox 170 4082 219 4136; x_wconf 90' lang='lat' dir='ltr'>sibi</span> <span class='ocrx_word' id='word_1_280' title='bbox 237 4089 265 4150; x_wconf 69' lang='lat'>,⁴33</span> <span class='ocrx_word' id='word_1_281' title='bbox 285 4082 326 4135; x_wconf 89' lang='lat' dir='ltr'>sui</span> <span class='ocrx_word' id='word_1_282' title='bbox 346 4101 363 4133; x_wconf 82' lang='lat' dir='ltr'>a</span> <span class='ocrx_word' id='word_1_283' title='bbox 400 4080 408 4153; x_wconf 96' lang='grc' dir='ltr'>ΗΗ</span> <span class='ocrx_word' id='word_1_284' title='bbox 446 4082 480 4134; x_wconf 86' lang='grc'>14</span> <span class='ocrx_word' id='word_1_285' title='bbox 497 4082 550 4135; x_wconf 88' lang='lat' dir='ltr'>iam</span> <span class='ocrx_word' id='word_1_286' title='bbox 569 4090 658 4149; x_wconf 67' lang='lat' dir='ltr'>ooap</span> <span class='ocrx_word' id='word_1_287' title='bbox 693 4082 701 4154; x_wconf 97' lang='grc' dir='ltr'>ΗΗ</span> <span class='ocrx_word' id='word_1_288' title='bbox 740 4085 773 4136; x_wconf 85' lang='grc'>15</span> <span class='ocrx_word' id='word_1_289' title='bbox 792 4085 868 4135; x_wconf 85' lang='lat' dir='ltr'>eraut</span> <span class='ocrx_word' id='word_1_290' title='bbox 886 4081 1005 4149; x_wconf 60' lang='lat' dir='ltr'>secutio</span> <span class='ocrx_word' id='word_1_291' title='bbox 1041 4079 1049 4152; x_wconf 96' lang='grc' dir='ltr'>ΗΗ</span> <span class='ocrx_word' id='word_1_292' title='bbox 1087 4081 1121 4134; x_wconf 89' lang='lat'>16</span> <span class='ocrx_word' id='word_1_293' title='bbox 1134 4095 1238 4134; x_wconf 87' lang='lat' dir='ltr'>conser-</span> 
     </span>
     <span class='ocr_line' id='line_1_36' title="bbox 169 4168 1241 4243; baseline -0.002 -19"><span class='ocrx_word' id='word_1_294' title='bbox 169 4188 234 4225; x_wconf 85' lang='lat' dir='ltr'>nare</span> <span class='ocrx_word' id='word_1_295' title='bbox 253 4191 275 4223; x_wconf 80' lang='grc' dir='ltr'><em>π</em></span> <span class='ocrx_word' id='word_1_296' title='bbox 312 4170 320 4242; x_wconf 96' lang='grc' dir='ltr'>ΗΗ</span> <span class='ocrx_word' id='word_1_297' title='bbox 359 4173 399 4226; x_wconf 86' lang='grc'>19.</span> <span class='ocrx_word' id='word_1_298' title='bbox 421 4172 455 4227; x_wconf 87' lang='grc'>20</span> <span class='ocrx_word' id='word_1_299' title='bbox 474 4171 647 4240; x_wconf 68' lang='grc' dir='ltr'>ραηΙιιΙιιωβ</span> <span class='ocrx_word' id='word_1_300' title='bbox 683 4170 690 4243; x_wconf 95' lang='grc' dir='ltr'>ΗΗ</span> <span class='ocrx_word' id='word_1_301' title='bbox 728 4173 762 4225; x_wconf 81' lang='grc'>23</span> <span class='ocrx_word' id='word_1_302' title='bbox 781 4171 921 4240; x_wconf 88' lang='lat' dir='ltr'>paululum</span> <span class='ocrx_word' id='word_1_303' title='bbox 934 4189 967 4238; x_wconf 67' lang='grc' dir='ltr'>τις</span> <span class='ocrx_word' id='word_1_304' title='bbox 986 4169 1065 4239; x_wconf 84' lang='lat' dir='ltr'>paulo</span> <span class='ocrx_word' id='word_1_305' title='bbox 1079 4168 1241 4223; x_wconf 69' lang='lat' dir='ltr'>*firmator</span> 
     </span>
    </p>

    <p class='ocr_par' dir='ltr' id='par_1_5' title="bbox 258 4260 816 4333">
     <span class='ocr_line' id='line_1_37' title="bbox 258 4260 816 4333; baseline -0.009 -16"><span class='ocrx_word' id='word_1_306' title='bbox 258 4263 304 4317; x_wconf 74' lang='lat'>51.</span> <span class='ocrx_word' id='word_1_307' title='bbox 324 4261 340 4314; x_wconf 83' lang='lat'><strong><em>2</em></strong></span> <span class='ocrx_word' id='word_1_308' title='bbox 359 4262 442 4315; x_wconf 81' lang='lat' dir='ltr'>sex&amp;</span> <span class='ocrx_word' id='word_1_309' title='bbox 461 4262 564 4329; x_wconf 69' lang='lat' dir='ltr'><strong><em>.XL.ss</em></strong></span> <span class='ocrx_word' id='word_1_310' title='bbox 600 4260 608 4333; x_wconf 96' lang='grc' dir='ltr'>ΗΗ</span> <span class='ocrx_word' id='word_1_311' title='bbox 644 4261 702 4315; x_wconf 91' lang='lat' dir='ltr'>loco</span> <span class='ocrx_word' id='word_1_312' title='bbox 721 4278 774 4314; x_wconf 85' lang='lat' dir='ltr'>om.</span> <span class='ocrx_word' id='word_1_313' title='bbox 794 4280 816 4312; x_wconf 82' lang='grc' dir='ltr'><em>π</em></span> 
     </span>
    </p>
   </div>
   <div class='ocr_carea' id='block_1_5' title="bbox 0 0 1408 4778">
    <p class='ocr_par' dir='ltr' id='par_1_6' title="bbox 0 0 1408 4778">
     <span class='ocr_line' id='line_1_38' title="bbox 0 0 1408 4778; baseline 0 0"><span class='ocrx_word' id='word_1_314' title='bbox 0 0 1408 4778; x_wconf 95' lang='lat' dir='ltr'> </span> 
     </span>
    </p>
   </div>
  </div>
 </body>
</html>
