2806 4778
349 352 458 406 LIBER
475 351 537 405 IIII.
558 351 633 405 CAP.
654 352 762 405 34-V.
783 352 858 406 OAP.
879 355 902 406 1.
1118 339 1157 401 97

89 517 213 580 auxilio
245 516 341 578 misit.
392 517 520 578 interim
553 516 652 577 nostri
685 516 800 579 milites
835 517 987 599 impetum
1020 517 1187 583 lrostiuma

47 647 76 690 ro
90 625 314 688 sustinuerunt
337 627 432 705 atque
457 621 593 704 amplius
616 623 703 685 horis
725 622 792 685 ΙΙΠ
812 622 980 687 fortissime
997 643 1161 706 pugnare-

89 736 168 794 runt
190 736 222 793 et
244 731 354 813 paucis
378 729 566 792 vulneribus
590 731 727 812 acceptis
751 731 930 812 complures
955 749 996 793 ex
1012 731 1061 793 his
1079 732 1161 793 occi-

90 837 217 902 derunt.
258 842 368 919 postea
392 855 466 898 vero
484 855 580 917 quam
597 837 757 917 equitatus
773 843 880 900 noster
902 839 935 899 in
953 842 1159 919 conspectum
1174 862 1188 902 4
1230 833 1231 836 '

90 947 194 1025 venit,
225 945 331 1007 hostes
364 943 495 1006 abiectis
523 945 619 1006 armis
653 949 740 1026 terga
767 948 931 1008 verterunt
959 963 1160 1026 magnusque

62 1071 205 1135 reorum
227 1069 381 1113 numerus
405 1054 454 1112 est
477 1051 609 1113 occisus.
657 1051 916 1134 Caesarpostero
933 1051 984 1114 die
999 1053 1031 1114 Τ.
1048 1050 1160 1115 Labie
1178 1068 1216 1124 38

91 1178 172 1222 num
195 1159 336 1241 legatum
365 1175 438 1220 cum
462 1158 501 1220 iis
524 1157 717 1240 legionibus,
747 1178 825 1239 quas
853 1178 894 1221 ex
918 1158 1085 1221 Britannia
1112 1179 1161 1222 re-

93 1266 244 1346 duxerat,
267 1266 301 1326 in
317 1264 473 1346 Morinos,
498 1266 553 1345 qui
570 1264 778 1328 rebellionem
793 1266 948 1346 fecerant,
971 1267 1064 1329 misit.
1105 1267 1160 1346 qui
1176 1289 1190 1330 2

93 1392 168 1435 cum
195 1376 324 1455 propter
356 1372 515 1435 siccitates
547 1371 699 1454 paludtmr
735 1391 797 1453 quo
826 1391 859 1435 se
887 1373 1066 1455 reciperent
1097 1392 1162 1436 non

62 1479 259 1560 ahaberent,
284 1497 347 1559 quo
371 1477 517 1561 periugio
542 1480 703 1561 superiore
731 1497 814 1540 anno
844 1483 933 1541 erant
960 1481 1023 1561 usi,
1053 1499 1162 1543 omnes

92 1586 161 1650 fere
188 1587 222 1648 in
250 1590 438 1668 potestatem
467 1584 600 1649 Labieni
630 1593 793 1648 venerunt.
846 1590 878 1648 at
906 1583 1103 1659 araturus
1131 1592 1190 1652 eta

92 1693 128 1757 L.
153 1692 245 1756 Cotta
267 1693 376 1776 legati,
400 1694 457 1774 qui
480 1694 514 1754 in
539 1690 759 1775 Menapiorum
787 1692 867 1755 fines
893 1692 1033 1775 legiones
1062 1693 1163 1757 duxe-

93 1806 180 1879 rant,
213 1799 362 1863 omnibus
394 1818 505 1862 eorum
534 1801 617 1882 agris
650 1801 793 1878 vastatiS,
825 1798 993 1862 frumentis
1022 1801 1164 1880 succisis,

95 1905 249 1971 aedificiis
272 1907 424 1987 iucensiS,
449 1906 533 1989 quod
558 1905 698 1988 Menapii
722 1925 755 1969 se
780 1925 889 1968 omnes
905 1907 940 1966 in
959 1905 1163 1969 densissimas

52 2033 81 2076 ro
95 2015 192 2078 silvas
216 2013 416 2094 abdiderant,
440 2032 474 2076 se
499 2013 538 2075 ad
562 2011 728 2075 Caesarem
748 2016 944 2095 receperunt.
992 2013 1191 2078 Caesarina

95 2121 205 2204 Belgis
239 2121 382 2183 omnium
413 2120 576 2203 legionum
611 2117 745 2181 hiberna
783 2121 954 2182 constituit.
1010 2140 1047 2184 eo
1081 2121 1163 2185 duae

94 2229 227 2291 omnino
252 2228 395 2290 civitates
419 2247 460 2290 ex
484 2226 650 2289 Britannia
674 2225 800 2290 obsides
824 2228 993 2307 miserunt,
1020 2229 1164 2310 reliquae

94 2334 317 2419 neglexerunt.
364 2335 413 2396 his
437 2333 532 2397 rebus
555 2334 653 2415 gestis
677 2352 719 2395 ex
741 2334 856 2396 litteris
874 2332 1015 2397 Caesaris
1039 2335 1193 2399 dieruma

95 2440 166 2505 XX
189 2441 376 2524 supplicatio
401 2461 419 2503 a
443 2446 554 2504 senatu
579 2440 707 2503 decreta
731 2446 785 2504 est.

398 2758 454 2823 ⁴C.
478 2760 598 2824 IULII
622 2758 845 2823 CAESARIS

381 2905 572 2977 BELLI
609 2903 879 2980 GALLIOI

488 3063 595 3116 arnna
614 3062 778 3129 Quiurus.

68 3262 82 3304 1
188 3242 223 3306 L.
247 3242 402 3324 Domitio,
426 3243 485 3325 Ap.
504 3243 636 3306 Claudio
660 3243 847 3306 consulibus
864 3243 1031 3305 discedens
1055 3242 1094 3304 ab
1119 3242 1203 3308 lii-1

97 3348 210 3415 bernis
234 3350 350 3414 Caesar
378 3352 412 3412 iu
436 3349 574 3430 Italiam,
601 3354 638 3412 ut
662 3351 834 3432 quotannis
860 3349 963 3412 facere
992 3354 1169 3430 consuerat,

97 3457 214 3541 legatis
244 3458 392 3540 imperat,
425 3476 505 3539 quos
538 3456 720 3539 legionibus
752 3455 958 3539 praefecerat,
990 3457 1038 3521 uti
1073 3476 1169 3539 quam

191 3651 208 3706 9
227 3650 299 3704 misit
316 3650 450 3717 auxilior]
481 3655 490 3718 ll
524 3652 554 3702 11
574 3651 607 3702 iis
627 3650 696 3717 HM,
715 3650 738 3702 is
757 3649 795 3701 Ba

190 3740 237 3796 38.
257 3740 274 3793 2
291 3740 324 3793 iis
343 3757 377 3810 ‹p;
397 3738 438 3792 his
452 3758 485 3809 χ;
504 3745 593 3805 emp
624 3739 633 3807 ΙΙ
665 3738 795 3805 3Quia3
815 3739 877 3806 ms
903 3740 911 3808 ll
937 3739 1143 3807 dsiccitatemfl
1161 3742 1170 3810 ΙΙ

96 3833 119 3885 5
137 3829 257 3899 perfugio
276 3829 412 3899 superiore
431 3845 499 3883 anno
518 3832 594 3883 erant
613 3828 654 3880 usi
672 3834 701 3894 β;
720 3828 855 3895 superiore
872 3844 941 3881 anno
959 3829 1110 3897 perluerant
1128 3831 1170 3882 usi

97 3939 119 3972 a
152 3919 161 3987 ιΙ
193 3920 218 3973 5.
238 3919 255 3974 6
274 3936 366 3974 omnes
385 3920 440 3974 fere
459 3925 547 3985 orari
578 3919 586 3986 ll
618 3917 785 3971 Guenemnt
803 3924 831 3984 fl,
850 3921 1032 3986 peruenerunt
1046 3938 1063 3969 u
1094 3923 1103 3984 ll
1135 3921 1171 3971 At

97 4024 126 4078 q.
146 4007 177 4077 b,
196 4010 284 4079 Atque
298 4010 371 4079 χδας
391 4011 419 4063 at
437 4011 487 4077 que
506 4007 565 4060 ΒΜ
570 4008 575 4036 ¹
609 4009 617 4074 ll
649 4006 898 4074 9aedificiisquess
930 4007 939 4075 ΙΙ
973 4008 1006 4062 10
1024 4009 1058 4060 ad
1078 4022 1170 4060 caesa·

100 4115 158 4153 rem
178 4105 243 4166 sep

192 4190 221 4243 1.
242 4189 255 4240 l
275 4187 356 4241 Lucio
373 4194 402 4254 rt
422 4204 474 4240 om.
495 4205 512 4237 u
544 4186 552 4253 ll
584 4190 624 4254 up.
640 4203 669 4251 u3
689 4185 798 4253 appiofl
830 4185 838 4252 ll
876 4185 1046 4239 ‘Zcousuerat
1069 4183 1175 4252 ‹cauzrf

97 4280 278 4333 consueuerat
297 4276 329 4343 S;
349 4275 499 4328 instituerat
518 4274 565 4345 (ral

147 4381 258 4426 Camari.
273 4381 307 4424 ed.
323 4380 414 4424 Mousol.
997 4383 1011 4434 7
