2806 4778
491 345 599 398 LIBER
617 345 650 398 V.
670 345 744 400 CAP.
766 345 886 400 20-23.
1161 332 1221 392 111

121 509 201 576 suti
234 510 351 571 coactis
379 508 528 571 omnibus
557 509 656 591 copiis
689 513 792 571 castra
823 508 949 572 navalia
982 508 1020 571 de
1052 509 1223 591 improviso

152 615 342 680 adoriantur
364 620 460 697 atque
483 621 676 699 oppugnent.
722 615 755 677 hi
779 635 852 678 curn
872 616 912 677 ad
931 621 1034 678 castra
1051 615 1250 696 tenimenta

150 722 256 785 nostri
273 724 439 804 eruptione
453 721 536 786 facta
552 722 661 785 multis
680 741 790 785 eorum
808 722 995 804 interfectis,
1019 727 1109 804 capto
1127 723 1222 784 etiam

151 829 256 892 nobili
279 829 360 892 duce
383 829 590 912 Lugotorige,
614 848 689 892 suos
712 829 889 892 incolumes
907 829 1115 892 reduxerunt.
1149 828 1250 894 Cas-e

151 935 353 999 sivellaunus
376 937 436 999 hoc
458 936 578 1019 proelio
601 937 763 1017 nuntiato,
787 940 833 998 tot
856 936 1055 998 detrimentis
1078 937 1222 1018 acceptis,

108 1043 284 1107 rorastatis
306 1041 438 1124 finibus,
464 1044 604 1106 maxime
633 1043 725 1106 etiam
750 1047 912 1126 permotus
941 1042 1116 1105 defectione
1145 1043 1224 1104 civi·

152 1154 269 1231 tatum,
291 1149 413 1233 legatos
435 1169 494 1232 per
517 1149 700 1212 Atrebatem
725 1147 904 1212 Commium
934 1150 972 1213 dc
997 1148 1159 1212 deditione
1182 1150 1222 1212 ad

152 1253 321 1319 Caesarem
352 1256 456 1319 mittit.
508 1255 634 1338 Caesar,
668 1275 741 1319 oum
773 1257 989 1319 constituisset
1019 1256 1159 1319 hiemare
1186 1257 1248 1320 inr

151 1363 333 1427 continenti
356 1370 483 1446 propter
510 1364 695 1446 repentinos
724 1363 844 1427 Galliae
872 1368 978 1426 motus
1005 1381 1112 1444 neque
1142 1362 1222 1425 mul-

153 1474 222 1533 tum
247 1471 376 1534 aestatis
400 1475 578 1554 superesset
602 1475 697 1552 atque
725 1470 758 1532 id
781 1469 874 1533 facile
903 1470 1028 1534 extrahi
1055 1488 1147 1552 posse
1174 1471 1222 1531 in-

107 1599 137 1641 11
151 1577 331 1660 tellegeret,
350 1577 476 1641 obsides
494 1579 630 1661 imperat
648 1583 679 1640 et
698 1577 777 1658 quid
799 1578 834 1639 in
854 1596 954 1639 annos
969 1577 1111 1659 singulos
1128 1579 1222 1639 vecti-

151 1684 233 1768 galis
255 1684 372 1767 populo
396 1683 541 1748 Romano
564 1685 732 1748 Britannia
754 1684 907 1766 penderet
927 1685 1101 1761 constituit3
1126 1684 1249 1748 inter-a

152 1791 231 1854 dicit
263 1796 357 1874 atque
385 1792 518 1874 imperat
546 1791 797 1872 Cassiuellauno,
828 1810 871 1854 ne
898 1789 1128 1854 Mandubracio
1156 1808 1222 1852 neu

122 1897 399 1962 1Trinovantibus
427 1903 548 1961 noceat.
605 1896 778 1961 Obsidibus
803 1899 940 1980 acceptis
968 1898 1144 1960 exercitum
1173 1915 1221 1959 re-
1239 1911 1276 1966 aa

151 2004 242 2068 ducit
264 2003 304 2068 ad
323 2023 425 2086 mare,
447 2023 547 2068 naves
564 2006 688 2067 invenit
706 2004 846 2068 refectas.
885 2003 935 2067 his
955 2003 1111 2085 deductis,
1135 2003 1248 2084 quode

151 2116 184 2175 et
207 2112 408 2194 captivorum
428 2131 582 2195 magnum
607 2093 775 2175 numerum
797 2109 935 2173 habebat
961 2115 993 2174 et
1020 2129 1087 2173 non
1114 2111 1221 2173 nullae

150 2223 338 2301 tempestate
361 2219 563 2302 deperierant
586 2224 697 2300 naves,
727 2217 853 2280 duobus
878 2216 1107 2280 commeatibus
1130 2231 1221 2280 exer·

121 2325 251 2389 scitum
275 2330 436 2408 reportare
459 2326 606 2389 instituit.
653 2345 689 2387 ac
709 2325 755 2386 sic
774 2323 903 2405 accidit,
926 2325 976 2387 uti
999 2329 1146 2387 extento
1166 2343 1248 2389 nae

149 2433 239 2495 vium
259 2450 392 2495 numero
412 2437 458 2495 tot
471 2431 728 2515 navigationibus
742 2449 848 2513 neque
867 2431 927 2493 hoo
941 2449 1046 2512 neque
1060 2431 1222 2513 superiore

150 2558 237 2606 anno
261 2539 327 2604 ulla
351 2539 481 2604 omnino
506 2539 610 2621 navis,
627 2542 717 2620 [quae
739 2538 856 2603 milites
880 2543 1033 2621 portaret,
1062 2537 1221 2601 desidera-

149 2652 252 2729 retur,
280 2651 312 2710 at
335 2666 376 2711 ex
399 2647 453 2728 iis,
483 2665 564 2728 quae
591 2646 703 2708 inanes
731 2664 772 2708 ex
800 2646 977 2708 continenti
1002 2645 1043 2707 ad
1071 2665 1145 2708 eum
1172 2664 1248 2708 re-r

149 2755 352 2818 mitterentur
381 2752 451 2838 [et]¹
463 2755 581 2836 prioris
605 2757 800 2815 commeatus
816 2752 980 2835 :expositis
1009 2750 1163 2814 militibus
1191 2755 1222 2812 et

108 2879 137 2922 ro
152 2880 233 2944 quas
264 2866 374 2944 postea
405 2859 566 2925 Labienus
598 2860 759 2923 faciendas
792 2863 956 2922 curaverat
987 2877 1120 2920 numero
1152 2856 1219 2939 LX,

149 2987 327 3052 perpaucae
350 2967 457 3030 locum
481 2971 639 3051 caperent,
667 2967 809 3047 reliquae
833 2967 897 3029 fere
926 2984 1036 3028 omnes
1063 2965 1220 3027 reiceren-

149 3080 210 3138 tur.
259 3093 337 3157 quas
360 3093 435 3138 cum
458 3074 657 3156 aliquamdiu
676 3071 789 3136 Caesar
810 3074 928 3136 frustra
947 3077 1156 3154 expectasset,
1179 3089 1250 3134 nea

151 3181 229 3245 anni
262 3185 403 3264 tempore
436 3201 455 3243 a
482 3183 685 3264 navigatione
719 3180 965 3262 excluderetur,-
992 3176 1076 3259 quod
1112 3179 1220 3258 acqui-

149 3289 294 3351 noctium
321 3287 461 3370 suberat,
494 3289 672 3351 necessario
707 3288 873 3370 angustius
900 3286 1016 3347 milites
1044 3284 1221 3347 conlocavit

240 3534 354 3604 caira
372 3534 465 3601 Hiin3
484 3534 507 3587 li
522 3554 539 3586 ιι
574 3535 582 3602 [l
618 3532 850 3602 Sciogetorigefl
885 3533 893 3601 ll
929 3532 954 3586 8.
975 3533 991 3586 9
1010 3530 1220 3585 cassiuellaunus

151 3623 229 3690 AS&
253 3623 448 3677 casiuellaunus
468 3623 505 3690 af
540 3625 549 3693 ll
591 3622 633 3676 10.
654 3625 685 3675 11
707 3621 853 3674 ciuitatium
872 3638 907 3690 po
948 3622 956 3689 {l
999 3620 1032 3673 12
1051 3635 1220 3674 caesareum

151 3712 289 3767 statuisset
307 3711 423 3766 hiemem
442 3712 504 3777 inti
536 3711 544 3779 ll
581 3712 614 3764 13
633 3713 722 3765 motus
742 3730 771 3778 ιι;
794 3713 882 3764 motus
901 3717 1014 3779 agerer
1054 3711 1062 3779 ll
1105 3712 1138 3762 15
1158 3709 1220 3777 quid

150 3807 179 3868 β;
207 3802 315 3871 quoda
356 3800 364 3870 ll
407 3802 439 3854 17
459 3800 648 3854 casuuellauno
673 3818 701 3866 ‘23
731 3799 947 3867 casiuellauoof
982 3801 991 3864 ll
1031 3797 1220 3866 mandubragio

150 3889 259 3959 B¹MQ;
278 3889 481 3944 mandubraccio
502 3889 534 3956 S,
553 3888 753 3942 mandrusbatic
768 3888 1001 3964 ¹fpnrantlobracio
1021 3908 1036 3958 ρ
1067 3887 1076 3955 ll
1114 3887 1147 3940 18
1166 3889 1219 3939 tre·

152 3979 310 4034 nouantibus
329 3999 347 4031 ιι
378 3981 387 4049 ΙΙ
419 3981 513 4033 noceat
532 3997 562 4044 a,
582 3978 682 4031 bellum
701 3978 780 4031 faciat
797 3986 814 4045 β

240 4086 285 4142 23.
307 4086 322 4139 2
341 4087 377 4139 lis
397 4106 414 4137 ιι
446 4087 454 4154 ll
487 4086 661 4153 bdeportare
681 4085 852 4152 constituitfl
884 4088 892 4153 ll
928 4088 958 4137 ut
975 4083 1062 4152 fleat)
1098 4084 1107 4151 [l
1145 4079 1220 4150 essll

153 4174 294 4243 7nulloss
324 4176 333 4244 ll
355 4174 381 4250 ‚8
400 4175 443 4228 his
461 4182 478 4242 β
509 4176 518 4244 ll
551 4175 613 4228 oet
626 4175 675 4227 del.
689 4173 828 4226 Nicasius
861 4175 869 4240 ll
904 4173 936 4226 10
952 4172 1073 4227 lauterius
1087 4191 1104 4222 ιι
1136 4173 1145 4235 ll
1178 4171 1220 4222 11.

154 4263 187 4316 12
205 4264 374 4318 reficerentur
393 4284 410 4316 ιι
442 4265 450 4334 ll
484 4265 517 4317 13
536 4279 552 4316 a
570 4280 622 4317 om.
642 4270 660 4330 β
