2806 4778
154 293 224 354 218
560 306 666 361 BELLI
684 305 827 360 GALLICI

155 470 229 533 aliis
253 488 321 533 esse
344 470 533 553 perfectum,
557 469 643 552 quod
668 488 732 532 non
756 471 871 533 horum
891 469 1051 552 elegantia
1073 488 1228 532 commen·

124 600 144 640 s
158 579 311 639 tariorum
334 583 510 660 superetur.
554 577 609 657 qui
633 580 709 639 sunt
732 575 823 658 editi,
847 595 888 639 ne
912 577 1050 639 scientia
1073 580 1226 640 tantarum

155 703 265 747 rerum
296 684 502 766 scriptoribus
531 684 667 764 deesset,
700 684 844 764 adeoque
876 683 1057 766 probantur
1091 685 1257 748 omniuma

157 791 291 872 iudicio,
324 797 361 853 ut
387 798 565 874 praerepta,
596 810 660 853 non
689 790 832 874 praebita
858 789 994 854 facultas
1023 791 1228 874 scriptoribus

122 920 143 961 e
158 898 311 961 videatur.
351 899 442 960 cuius
466 903 574 961 tamen
596 899 644 961 rei
662 898 765 960 maior
783 902 891 961 nostra
915 917 1012 980 quam
1034 897 1227 980 reliquorum

155 1010 207 1068 est
234 1005 414 1084 admiratio;
451 1006 548 1068 ceteri
576 1005 663 1067 enim
692 1024 788 1086 quam
821 1004 901 1067 bene
930 1008 1027 1086 atque
1058 1005 1227 1087 emendate,

158 1131 217 1174 nos
241 1113 337 1174 etiam
362 1131 457 1193 quam
485 1110 577 1174 facile
606 1117 700 1194 atque
728 1112 873 1176 celeriter
900 1131 954 1175 eos
980 1113 1154 1194 perfecerit
1175 1114 1227 1176 soi-

127 1238 238 1282 amus.
278 1224 345 1282 orat
368 1224 474 1282 autem
497 1219 532 1280 in
553 1217 684 1282 Caesare
707 1239 781 1281 cum
798 1218 933 1281 facultas
956 1223 1057 1299 atque
1078 1220 1257 1303 elegantiora

157 1345 284 1388 summa
307 1324 480 1406 scribendi,
505 1330 573 1388 tum
588 1326 755 1389 verissima
777 1326 911 1388 scientia
932 1344 1069 1389 suorum
1085 1327 1228 1389 consilio·

126 1452 232 1495 erum
260 1432 530 1513 explicandorum.
577 1433 656 1494 mihi
688 1451 729 1494 ne
757 1432 837 1495 illud
870 1433 1003 1513 quidem
1029 1433 1167 1515 accidit,
1197 1438 1228 1496 ut

162 1538 380 1601 Alexandrino
407 1543 501 1620 atque
526 1538 677 1602 Africano
701 1539 785 1602 bello
810 1540 1012 1619 interesscm3
1043 1560 1128 1622 quae
1152 1540 1227 1604 bella

158 1665 355 1730 quamquam
384 1666 425 1710 ex
454 1652 542 1729 parte
572 1646 663 1709 nobis
693 1645 836 1710 Caesaris
865 1665 1012 1711 sermone
1045 1652 1124 1710 sunt
1151 1653 1227 1727 nota,

156 1758 264 1816 tamen
289 1752 381 1816 alitor
404 1753 551 1817 audimus
575 1772 625 1834 ea,
649 1773 731 1836 quae
755 1772 862 1816 rerum
886 1754 1028 1818 novitate
1054 1760 1112 1817 aut
1135 1755 1256 1819 admi-u

157 1861 282 1924 ratione
310 1880 370 1924 nos
399 1862 540 1943 capiunt,
574 1861 676 1942 aliter,
711 1879 793 1941 quae
820 1880 877 1944 pro
906 1862 1092 1924 testimonio
1123 1880 1227 1924 sumus

125 1968 284 2031 edicturi.
323 1967 379 2031 sed
395 1987 453 2051 ego
470 1968 636 2048 nimirum,
661 1968 738 2030 dum
760 1987 870 2031 omnes
886 1970 1107 2033 excusationis
1123 1987 1226 2032 causas

157 2074 288 2158 colligo,
317 2094 357 2138 ne
381 2094 455 2136 cum
479 2073 611 2138 Caesare
635 2075 792 2157 conferar,
821 2075 881 2138 hoc
906 2075 975 2157 ipso
1001 2077 1125 2140 crimen
1149 2094 1226 2138 arro-

155 2183 284 2264 gantiae
301 2181 408 2263 subeo,
424 2182 510 2264 quod
527 2200 577 2244 me
593 2181 714 2244 iudicio
732 2182 922 2263 cuiusquam
939 2182 1126 2246 existimem
1141 2200 1225 2266 posse

157 2307 234 2350 oum
259 2287 390 2351 Caesa-re
416 2290 599 2370 comparari.
634 2289 714 2351 vale.
862 2268 865 2273 ¹
1236 2304 1256 2346 ao

116 2512 139 2563 1
251 2499 345 2562 Omni
371 2500 473 2563 Callia
497 2501 622 2565 devicta
646 2501 760 2566 Caesar
784 2522 858 2565 cum
882 2523 901 2564 a
923 2503 1091 2586 superiore
1116 2508 1246 2567 aestate1

159 2606 285 2668 nullum
309 2605 448 2670 bellandi
473 2613 598 2691 tempus
621 2610 843 2673 intermisisset
871 2610 1054 2692 militesque
1084 2609 1226 2674 hiberno-

158 2733 231 2777 rum
262 2714 367 2795 quiete
395 2714 525 2778 reficere
554 2736 572 2777 a
600 2718 696 2779 tantis
723 2715 884 2779 laboribus
912 2717 1024 2799 vellet,
1052 2717 1225 2801 complures

158 2822 272 2884 codem
301 2825 442 2904 tempore
471 2824 614 2886 civitates
642 2842 795 2886 renovare
827 2823 903 2887 belli
936 2823 1071 2887 consilia
1107 2825 1226 2887 nuntia-

124 2928 277 2991 2bantur
309 2929 610 3011 coniurationesque
643 2932 753 2993 facere.
808 2931 900 2993 cuius
932 2931 980 2993 rei
1013 2931 1084 2995 veri
1118 2930 1248 2994 similist

157 3054 255 3098 causa
284 3035 496 3117 adferebatur,
530 3038 617 3116 quod
646 3036 746 3100 Callis
774 3035 922 3099 omnibus
955 3039 1123 3120 cognitum
1150 3043 1227 3101 esset

158 3161 263 3224 neque
301 3142 364 3204 ulla
395 3143 601 3206 mrdtitudine
636 3144 671 3205 in
706 3163 806 3206 unum
840 3144 949 3208 locum
981 3150 1093 3208 coacta
1127 3145 1227 3209 resisti

154 3268 251 3332 posse
269 3248 309 3333 [a]
326 3248 490 3332 Romanis,
515 3269 586 3332 nec,
610 3251 637 3312 si
662 3251 785 3313 diversa
808 3250 891 3313 bella
911 3251 1094 3334 complures
1119 3252 1228 3315 eodem

157 3361 300 3439 tompore
328 3357 513 3420 intulissent
540 3359 695 3441 civitates,
724 3359 800 3421 satis
828 3357 941 3420 ausilii
968 3363 1026 3421 aut
1053 3360 1149 3442 spatii
1176 3362 1228 3420 aut

157 3465 323 3544 copiarum
348 3463 531 3527 habiturum
556 3467 733 3528 exercitum
756 3465 866 3548 populi
889 3464 1028 3528 Romani
1055 3464 1095 3528 ad
1125 3466 1261 3529 omniaro

123 3590 145 3631 a
159 3571 392 3650 persequenda3
426 3590 492 3633 non
521 3590 589 3635 esse
617 3577 722 3635 autem
756 3573 852 3635 alicui
880 3572 1002 3635 civitati
1035 3577 1154 3636 sortem
1181 3573 1227 3635 in-

158 3675 319 3738 commodi
346 3679 570 3760 recusandam,
604 3680 631 3741 si
660 3679 715 3742 tali
741 3699 832 3741 mora
862 3679 1006 3761 reliquae
1038 3685 1170 3763 possent
1196 3697 1227 3742 se

250 3872 402 3938 rarorum]
422 3874 556 3939 gestarum
575 3873 667 3940 oddp
698 3875 706 3943 ll
739 3873 838 3926 desita
870 3871 878 3941 ll
912 3873 945 3926 19
958 3872 1100 3940 perfecerit
1111 3873 1151 3940 X3
1171 3888 1227 3941 per·

152 3961 295 4028 scripserit
315 3961 388 4014 Suet.
402 3959 421 4012 I
428 3963 467 4013 56
503 3963 512 4027 ll
547 3962 581 4014 22
600 3962 695 4015 accidit
713 3963 819 4031 quidem
838 3980 870 4029 rr;
895 3961 1002 4031 quidem
1024 3979 1113 4033 orlaa
1150 3962 1158 4031 lt
1194 3961 1226 4014 28

153 4050 247 4119 ipsum
267 4071 283 4102 u
316 4051 324 4119 ll
357 4050 392 4105 30
410 4050 478 4104 Uale
498 4070 527 4118 u3
547 4069 598 4104 om.
618 4060 635 4118 β

248 4143 275 4195 1.
295 4140 312 4194 8
332 4157 347 4194 a
366 4141 415 4193 del.
435 4141 474 4194 ed.
494 4143 521 4209 13
541 4158 556 4195 a
577 4141 632 4211 (se)
657 4141 724 4194 Orrd.
757 4143 766 4206 ll
800 4141 833 4195 10
852 4140 999 4195 exercitum
1016 4139 1109 4208 populi
1128 4138 1226 4194 romani

153 4248 189 4297 aar
209 4229 337 4299 populum
355 4237 524 4298 romanump
556 4232 564 4299 il
599 4233 639 4283 11.
656 4231 687 4283 12
700 4231 859 4285 incommodi
871 4229 971 4298 AM‘fl3
991 4229 1196 4298 incommod(a)e
1209 4246 1225 4279 u
