2806 4778
482 390 590 444 HBnn
608 388 669 443 VII.
689 389 766 444 CAP.
785 391 908 445 65-67.
1165 377 1228 438 201

119 577 147 620 20
162 573 274 617 omnes
296 573 353 636 pro
377 554 489 617 castris
512 553 696 616 habiturum
720 558 752 617 et
775 555 887 616 terrori
910 553 1054 616 hostibus
1076 554 1229 617 futurum.

163 661 364 724 conclamant
393 663 516 743 equites
548 662 749 724 sanctissimo
782 662 851 723 iure
883 659 1019 744 iurando
1049 660 1260 727 confirmarit

163 774 318 850 oportere,
342 786 383 831 ne
408 772 490 831 tecto
516 768 696 850 recipiatur,
720 787 760 831 ne
783 767 822 828 ad
843 766 973 848 liberoS,
996 786 1038 830 no
1059 767 1099 829 ad
1118 786 1230 850 paren-

162 880 223 956 tes,
247 893 288 937 ne
305 874 344 936 ad
360 893 494 938 uxorem
510 874 632 936 aditum
648 873 774 955 habeat,
799 874 855 955 qui
878 893 945 937 non
966 874 1016 937 bis
1039 893 1097 956 per
1116 892 1231 956 agmen

134 982 303 1046 1hostium
318 982 533 1064 perequitant.
572 981 711 1044 Probata
724 1001 760 1044 re
777 985 872 1062 atque
889 981 1037 1043 omnibus
1058 981 1098 1043 ad
1114 982 1165 1044 ius
1181 981 1230 1044 iu·
1248 997 1286 1050 or

162 1089 300 1151 randum
323 1087 442 1150 adactis
464 1092 590 1171 postero
615 1089 666 1151 die
689 1089 723 1150 in
747 1093 810 1151 tres
833 1092 937 1170 partes
954 1087 1123 1150 distributo
1141 1088 1231 1171 equi-

165 1199 233 1257 tatu
255 1193 337 1258 duae
361 1214 395 1258 se
420 1196 503 1258 acies
527 1194 566 1256 ab
591 1194 717 1258 duobus
740 1194 892 1258 lateribus
917 1194 1100 1276 ostendunt,
1124 1214 1190 1256 una
1213 1215 1232 1258 a

165 1303 266 1384 primo
283 1303 409 1384 agmine
424 1302 484 1365 iter
499 1302 652 1384 impedire
670 1303 781 1385 coepit
821 1321 883 1383 qua
898 1321 932 1365 re
952 1303 1098 1364 nuntiata
1118 1299 1260 1365 Caesara

137 1428 264 1474 asuumv
286 1427 415 1491 quoque
440 1403 617 1491 equitatum
638 1410 793 1491 tripertito
816 1408 955 1472 divisum
977 1413 1086 1472 contra
1110 1409 1232 1472 hostem

164 1516 211 1578 ire
233 1515 330 1578 iubet.
376 1520 538 1598 pugnatur
565 1535 630 1577 una
655 1513 807 1578 omnibus
832 1517 866 1578 in
890 1515 1042 1598 partibus.
1089 1517 1261 1579 consistito

166 1641 293 1705 agmen3
327 1621 554 1705 impedimenta
579 1622 664 1686 inter
690 1623 833 1705 legiones
860 1623 1066 1705 recipiuntur.
1114 1624 1141 1685 si
1170 1642 1261 1703 quaa
1326 1672 1328 1676 .

165 1729 200 1791 in
223 1733 312 1811 parte
334 1730 436 1792 nostri
459 1728 603 1793 laborare
628 1733 683 1791 aut
706 1730 835 1812 gravius
850 1729 952 1812 premi
967 1728 1171 1810 videbantur,
1195 1748 1233 1792 eo

166 1837 257 1918 signa
278 1835 389 1899 inferri
413 1834 529 1899 Caesar
552 1837 715 1917 aciemque
740 1836 882 1898 converti
904 1834 1047 1915 iubebat,
1078 1854 1158 1916 quae
1181 1854 1234 1898 res

126 1963 152 2006 ro
167 1946 198 2006 et
221 1942 326 2006 hostes
350 1943 389 2005 ad
412 1943 647 2024 insequendum
671 1941 815 2004 tardabat
838 1946 870 2005 et
890 1947 1016 2005 nostros
1040 1961 1095 2024 spe
1119 1942 1234 2004 auxilii

167 2048 382 2112 confirmabat.
429 2049 556 2112 tandem
582 2048 733 2113 Germani
757 2048 795 2110 ab
821 2049 931 2111 dextm
955 2049 1053 2112 latere
1072 2067 1263 2114 summuma

165 2157 277 2238 iugum
305 2157 390 2219 nacti
423 2156 529 2220 hostes
561 2157 631 2219 loco
660 2155 835 2238 depellunt,
869 2157 1026 2238 fugientes
1057 2173 1160 2238 usque
1194 2156 1234 2218 ad

166 2261 300 2345 flumen,
333 2262 389 2326 ubi
413 2263 660 2346 Vercingetorix
692 2282 767 2325 cum
798 2261 999 2346 pedestribus
1031 2263 1131 2345 copiis
1159 2281 1234 2324 con-

167 2369 304 2452 sederat,
327 2374 565 2453 persequuntur
592 2370 835 2452 compluresque
863 2368 1066 2432 interficiunt.
1114 2388 1177 2450 qua
1200 2389 1233 2433 re
1248 2393 1265 2434 o

129 2495 154 2537 15
168 2476 388 2540 animadversa
415 2477 532 2559 reliqui
560 2496 601 2540 ne
630 2478 939 2540 circumvenirentur
964 2478 1055 2539 veriti
1084 2497 1117 2541 se
1141 2477 1235 2560 fugae

167 2583 328 2647 mandant.
368 2582 516 2646 omnibus
539 2583 618 2646 locis
641 2582 678 2645 fit
701 2584 821 2647 caedes.
859 2588 924 2647 tres
944 2583 1135 2646 nobilissimi
1149 2583 1265 2652 Hae-a

169 2689 224 2752 dni
254 2689 338 2772 capti
371 2690 411 2753 ad
440 2689 608 2753 Caesarem
640 2690 873 2773 perducimtur:
915 2689 1025 2771 Ootus,
1057 2689 1236 2772 praefectus

169 2796 327 2878 equitnm,
356 2797 411 2877 qui
435 2798 681 2860 controversiam
707 2816 780 2859 cum
805 2794 1055 2859 Convictolitave
1079 2797 1238 2878 proximis

169 2905 304 2966 comitiis
338 2902 505 2985 habuerat,
540 2909 572 2966 et
604 2902 793 2984 Cauarillus,
832 2904 888 2982 qui
922 2901 994 2984 post
1027 2901 1236 2965 defectionem

128 3027 155 3070 ao
168 3009 319 3073 Litavicci
339 3010 539 3092 pedestribus
560 3011 660 3093 copiis
676 3009 866 3092 praefuerat,
890 3013 921 3073 et
936 3007 1146 3091 Eporedorix,
1172 3029 1238 3091 quo

169 3115 250 3180 duce
273 3121 346 3181 aute
368 3117 539 3180 adventum
561 3116 704 3180 Caesaris
724 3115 851 3179 Haedui
875 3135 949 3179 oum
973 3115 1128 3199 Sequanis
1151 3114 1239 3179 bello

169 3222 406 3287 contenderant.

259 3487 294 3542 20
305 3487 399 3542 terrori
417 3487 534 3542 hostium
552 3504 604 3541 non
621 3488 773 3542 defuturum
786 3494 804 3554 β
826 3487 835 3555 ΗΗ
862 3486 896 3540 23
908 3503 942 3539 ne
956 3487 989 3540 ad
1001 3502 1112 3540 uxorem
1124 3485 1240 3554 Notou,

168 3594 202 3630 ne
221 3593 273 3630 om.
292 3576 324 3630 X
353 3577 362 3642 ΗΗ
390 3585 527 3658 *uxoresfi
558 3579 566 3645 ΗΗ
598 3577 638 3630 bis
658 3595 692 3646 qq
711 3594 764 3630 om.
779 3583 817 3645 χβ
849 3578 857 3646 ΗΗ
890 3577 924 3629 24
942 3576 1136 3646 perequitasset
1155 3596 1171 3628 a

257 3686 303 3740 61.
324 3685 349 3738 1.
368 3685 385 3737 2
404 3685 526 3738 omnibus
544 3684 601 3736 iure
620 3684 729 3737 iurando
750 3703 766 3734 u
799 3685 807 3748 ΗΗ
840 3684 945 3737 3acies
964 3699 992 3736 se
1010 3702 1032 3736 π
1063 3689 1072 3752 ΗΗ
1104 3700 1157 3736 una
1175 3701 1190 3737 a
1207 3691 1239 3750 β;

168 3789 221 3827 una
235 3793 252 3824 u
278 3775 287 3843 ΗΗ
313 3774 476 3828 dunatunc
494 3773 521 3825 in
540 3773 661 3826 omnibus
680 3773 835 3842 partibusfl
867 3773 875 3841 ΗΗ
908 3773 1026 3827 constitit
1045 3793 1062 3824 a
1095 3774 1103 3841 ΗΗ
1135 3772 1242 3825 lintre.

168 3862 255 3932 Nipp.
288 3864 296 3932 ΗΗ
328 3863 439 3931 bsigna
458 3863 520 3915 feni
538 3862 613 3916 Putat
645 3863 652 3930 ΗΗ
685 3878 776 3917 caesar
794 3862 919 3929 interiit
950 3863 958 3930 ΗΗ
991 3861 1109 3916 conuerti
1126 3868 1154 3927 β;
1175 3876 1239 3914 con·

169 3952 243 4005 stitui
263 3971 280 4003 a
317 3952 325 4021 ΗΗ
363 3954 394 4005 11
416 3968 431 4004 a
451 3951 489 4018 Sf
520 3955 529 4019 ΗΗ
566 3952 600 4004 12
618 3953 707 4006 nancti
725 3950 833 4019 B¹(u.2)3
857 3951 930 4004 nanti
948 3951 974 4004 A
1010 3953 1019 4018 ΗΗ
1055 3951 1239 4019 fugientesque

169 4059 204 4112 oa
235 4042 244 4109 ΗΗ
277 4042 312 4094 14
329 4043 503 4110 persecuntur
522 4060 539 4092 u
571 4041 579 4109 ΗΗ
613 4044 645 4096 15
665 4042 866 4095 circumirentur
883 4040 932 4110 (ΗΑ
964 4041 972 4108 ΗΗ
1006 4041 1037 4092 17
1057 4039 1243 4107 producuntur

169 4129 247 4198 Frip.
279 4132 289 4199 ΗΗ
321 4133 397 4200 cotys
416 4148 450 4199 (93
470 4129 571 4198 cotisg
606 4130 615 4198 ΗΗ
652 4131 686 4184 18
706 4129 913 4185 Convictolitaue
932 4129 971 4182 ed.
991 4130 1018 4194 13
1042 4125 1239 4181 conuictolitaui

169 4218 252 4288 b(l.2);
272 4219 445 4274 conuictolabi
465 4218 544 4287 a¹(f);
568 4219 762 4274 conuictolitabi
782 4238 799 4270 α
835 4219 845 4287 ΗΗ
881 4216 1071 4283 201itauioif
1102 4218 1110 4281 ΗΗ
1147 4215 1241 4269 ebore-

169 4309 245 4363 dorix
259 4307 339 4377 χΒΜ
