2806 4778
224 313 265 375 56
624 325 730 380 BELH
749 325 891 381 simul

193 490 474 555 machinationes
489 494 578 552 tanta
589 489 750 554 celeritate
766 508 953 573 promovere
969 496 1106 572 possent,
1119 508 1154 553 se
1169 509 1303 573 suaque
1319 515 1334 556 a

193 599 330 661 somnia
345 615 456 661 eorum
471 598 619 680 potestati
633 597 817 680 permittere
829 596 990 660 dixerunt
1014 616 1116 659 unum
1131 603 1244 679 potore
1262 618 1304 662 ac

221 704 398 787 deprecari:
415 705 445 767 si
459 704 539 767 forte
551 724 608 786 pro
622 723 681 767 sua
696 703 913 767 clementinae
929 703 1184 786 mansuetudine,
1197 724 1304 786 quam

221 811 283 895 ipsi
310 810 350 874 ab
378 811 449 874 aliis
476 811 636 892 audirent,
664 811 826 875 statuisset
853 811 1032 873 Atuatucos
1064 829 1134 874 esse
1165 830 1303 874 conser-

194 919 356 1001 svandos,
380 937 422 981 ne
444 938 479 983 se
502 921 598 981 armis
622 918 821 1001 despoliaret
845 917 907 981 sibi
922 937 1034 981 omues
1056 917 1123 981 lere
1138 916 1303 982 finitimos

222 1043 291 1088 esse
313 1026 465 1089 inimicos
488 1044 524 1088 ac
547 1043 623 1088 suae
646 1025 760 1088 virtuti
782 1025 940 1105 invidere;
966 1024 1118 1107 aquibus
1133 1044 1167 1088 se
1184 1024 1303 1088 defen·
1319 1049 1349 1090 10

194 1131 296 1195 edere
320 1132 445 1195 traditis
469 1133 566 1195 arrnis
588 1151 654 1195 non
677 1137 814 1215 possent
838 1131 901 1195 sibi
921 1139 1088 1214 praestare,
1112 1133 1139 1194 si
1163 1132 1199 1194 in
1218 1150 1301 1196 eum

221 1258 331 1302 casum
356 1238 596 1321 deducerentur,
621 1240 769 1320 quamvis
791 1240 952 1303 fortunam
975 1259 994 1302 a
1013 1239 1130 1323 populo
1146 1238 1301 1304 Romano

220 1347 287 1430 pati
310 1365 407 1429 quam
431 1344 470 1408 ab
494 1345 544 1408 his
566 1363 622 1428 per
645 1346 820 1409 cruciatum
844 1345 994 1428 interfici,
1023 1346 1108 1409 inter
1132 1365 1214 1428 quos
1241 1347 1302 1410 do-

166 1461 204 1517 8‘3
222 1453 338 1517 minari
362 1457 577 1515 consuessent.
624 1451 676 1517 Ad
698 1453 776 1516 haec
795 1452 912 1516 Caesar
933 1452 1110 1535 respondit:
1135 1471 1170 1515 se
1190 1456 1302 1537 magis
1319 1479 1332 1519 1

222 1560 453 1623 consuetudine
477 1579 535 1622 sua
559 1578 655 1642 quam
678 1561 790 1623 merito
815 1578 926 1622 eorum
942 1560 1104 1622 civitatem
1125 1578 1302 1624 conserva-

222 1671 339 1748 turum,
363 1666 391 1729 si
414 1667 503 1749 prius
527 1685 625 1747 quam
647 1686 777 1729 murum
800 1668 883 1730 aries
907 1667 1072 1749 attigisset,
1094 1686 1128 1730 se
1153 1666 1303 1732 dedidis-

195 1777 305 1852 2sent3
335 1772 391 1837 sed
419 1772 590 1836 deditionis
617 1773 741 1836 nullam
768 1793 837 1837 esse
865 1773 1086 1837 condicionem
1109 1774 1174 1836 nisi
1198 1778 1303 1840 armis

222 1880 356 1942 traditis.
403 1898 436 1944 se
458 1880 505 1961 id,
530 1880 615 1962 quod
639 1881 674 1942 in
697 1881 824 1945 Nerviis
846 1880 986 1963 iecisset,
1013 1880 1172 1944 facturum
1194 1880 1333 1946 finiti-s

222 1987 348 2069 misque
379 1988 622 2071 imperaturum,
654 2005 694 2051 ne
719 2007 816 2070 quam
839 1987 997 2051 dediticiis
1024 1987 1133 2071 populi
1156 1988 1303 2054 Romani

195 2111 209 2151 e
223 2092 377 2155 iniuriam
393 2093 555 2157 inferrent.
602 2112 636 2156 re
651 2096 835 2158 renuntiata
851 2094 891 2156 ad
907 2113 983 2157 suos
1000 2113 1082 2176 quse
1096 2095 1302 2178 imperaren-

195 2205 275 2262 ctur
297 2200 399 2262 facere
415 2199 574 2264 dixerunt.
602 2220 762 2264 armorum
777 2221 894 2283 magna
917 2201 1121 2264 multitudine
1145 2202 1185 2264 de
1202 2221 1302 2268 muro

222 2307 410 2389 infossam,
439 2325 521 2388 quae
549 2311 618 2370 erat
644 2314 717 2371 ante
747 2307 912 2391 oppidum,
939 2309 1034 2390 iacta,
1063 2309 1109 2370 sie
1137 2313 1174 2370 nt
1196 2329 1302 2395 prope

223 2433 382 2477 summam
414 2414 501 2476 muri
534 2415 722 2496 aggerisque
754 2415 958 2478 altitudinem
992 2415 1098 2478 acervi
1131 2435 1302 2481 armorum
1318 2439 1346 2481 ro

223 2519 451 2602 adaequarent,
465 2525 508 2584 'et
530 2525 637 2584 tamen
661 2522 786 2584 circiter
808 2527 897 2605 parte
920 2522 1025 2603 tertia,
1048 2528 1085 2585 ut
1098 2527 1210 2604 postea
1225 2544 1302 2606 per·

224 2632 368 2710 spectum
391 2631 451 2710 est,
480 2628 581 2692 celata
609 2633 704 2710 atque
732 2629 765 2690 in
796 2628 913 2712 oppido
936 2633 1060 2692 retenta
1081 2629 1179 2710 portis
1208 2637 1302 2713 pate-

168 2743 205 2799 83
222 2733 312 2796 factis
336 2753 372 2798 eo
398 2736 448 2798 die
471 2755 548 2818 pace
572 2741 648 2800 sunt
670 2737 729 2800 usi.
776 2733 841 2799 Sub
866 2754 1035 2819 vesperum
1052 2735 1168 2799 Caesar
1187 2745 1330 2819 portasi

224 2840 331 2903 claudi
353 2841 536 2924 militesque
560 2862 601 2906 ex
625 2844 740 2927 oppido
768 2845 856 2908 exire
878 2844 983 2925 iussit,
1010 2861 1051 2905 ne
1075 2844 1171 2925 quam
1194 2853 1302 2910 noctu

196 2949 374 3030 coppidani
398 2968 417 3011 a
439 2949 597 3013 militibus
619 2949 773 3013 iniuriam
796 2952 981 3034 acciperent
1028 2949 1076 3012 illi
1105 2955 1177 3012 ante
1205 2951 1300 3037 inito,

224 3059 259 3116 ut
280 3054 480 3119 intellectum
503 3062 563 3137 est,
586 3056 734 3138 oonsilio,
764 3057 849 3138 quod
879 3056 1040 3121 deditione
1061 3056 1145 3119 facta
1167 3064 1301 3124 nostros

223 3162 380 3242 praesidia
404 3162 595 3226 deducturos
623 3172 678 3225 aut
701 3164 841 3244 denique
868 3162 1090 3246 indiligentius
1112 3169 1330 3232 servatuross

224 3266 431 3350 crediderant,
453 3270 568 3352 partim
584 3287 658 3331 oum
674 3270 714 3332 iis
731 3287 813 3351 quae
833 3271 1033 3333 retinuerant
1056 3274 1088 3333 et
1110 3270 1302 3338 celaverant

313 3463 328 3516 5
348 3477 504 3530 promouere
525 3479 554 3528 ας
574 3477 730 3531 promouere
749 3464 776 3515 et
795 3478 829 3515 ex
848 3462 1043 3531 propinquitate
1067 3478 1186 3531 pugnare
1205 3463 1272 3533 B²p
1291 3466 1300 3539 ly

223 3550 402 3604 Saduatucos
422 3569 439 3602 a
471 3552 480 3619 ll
513 3551 546 3603 13
565 3550 607 3603 his
628 3551 668 3616 ol3
686 3551 720 3604 iis
738 3551 769 3617 b3
788 3550 846 3604 eliis
865 3570 888 3602 π
919 3553 928 3621 {l
960 3551 1127 3619 cruciatusp

311 3640 357 3696 32.
378 3641 392 3692 1
413 3640 446 3693 ad
466 3640 532 3692 baec
552 3657 583 3707 n3
604 3639 706 3706 Quibus
725 3640 843 3695 adhaec
862 3639 925 3707 B²ss
961 3641 969 3709 ll
1006 3641 1023 3694 2
1042 3641 1236 3696 consuetudine
1256 3644 1300 3714 X;

223 3729 426 3782 mansuetudine
445 3728 537 3781 Horta
568 3729 577 3797 tl
610 3730 635 3781 3.
653 3730 672 3782 4
691 3728 861 3800 dedissentp
894 3730 902 3797 l!
934 3729 1144 3796 eneruiosnrp
1175 3731 1184 3800 Η
1218 3733 1300 3789 ire-

223 3817 342 3871 nuntiata
360 3818 447 3886 Paal3
466 3818 587 3872 nuntiata
605 3818 636 3871 X
664 3819 673 3888 ll
705 3835 772 3888 quae
793 3837 822 3886 n3
845 3817 885 3872 illi
903 3835 933 3873 se
951 3826 1055 3888 quaep
1089 3820 1099 3890 11
1137 3819 1171 3874 10
1189 3835 1302 3880 summa

223 3927 241 3958 α
282 3906 290 3975 ΙΙ
333 3909 364 3960 ll
385 3910 565 3976 aequarentp
605 3911 614 3975 ΙΙ
656 3909 697 3960 11.
719 3908 752 3960 12
771 3909 941 3977 perspectum
965 3926 994 3976 ας
1022 3911 1188 3977 compertum
1207 3910 1274 3980 B²p
1292 3912 1301 3985 tt

225 3997 258 4050 13
278 4013 310 4052 ea
328 3997 406 4064 diest

311 4087 358 4144 33.-
378 4087 392 4139 1
413 4086 462 4141 sub
481 4092 628 4154 uesperess
658 4087 667 4151 11
699 4088 715 4140 3
739 4086 772 4139 sb
796 4106 813 4138 c
853 4089 862 4157 [1
903 4089 1101 4142 bdeducturos
1120 4105 1150 4154 a,
1179 4105 1235 4144 non
1257 4091 1301 4146 in-

224 4176 349 4230 ducturos
368 4175 430 4243 Bp
462 4177 470 4241 11
502 4174 684 4244 indulgentius
703 4175 766 4243 Blfl
797 4177 805 4245 Η
837 4177 985 4232 bannilis
1010 4176 1102 4242 Vase3
1122 4178 1301 4251 cumhisX3

225 4265 338 4333 sumptis
357 4264 433 4333 Ha93
453 4264 538 4332 captis
557 4264 720 4319 *HJMuuer
