2806 4778
179 313 240 373 128
572 323 676 377 BELLI
696 323 838 378 GALLICI

177 508 288 552 omnes
311 494 416 570 partes
436 488 577 550 dimissis
593 487 749 569 explorat,
773 506 836 568 quo
853 484 1109 548 commodissime
1133 485 1245 547 itinere

117 603 159 657 50
178 595 294 658 vallem
317 596 451 658 transire
475 595 580 677 possit.
627 592 673 655 Eo
698 593 749 655 die
772 592 915 675 parvulis
938 591 1142 673 equestribus
1157 610 1268 673 pree-1

178 703 228 765 liis
261 702 301 764 ad
334 721 451 783 aquam
483 702 573 763 factis
606 701 736 782 utrique
769 718 838 763 sese
871 718 929 762 suo
961 699 1031 761 loco
1067 698 1244 761 continent:

149 809 273 889 2Galli,
297 808 381 889 quod
407 808 573 890 ampliores
597 808 716 889 copias,
746 824 827 888 quae
850 805 995 868 nondum
1023 809 1246 884 convenerant,

147 915 400 998 aexpec-tabant,
436 912 562 995 Caesar,
596 914 623 976 si
650 914 729 976 forte
756 913 880 975 timoris
907 912 1112 975 simulatione
1141 912 1245 974 hostes

179 1023 213 1083 in
236 1042 331 1084 suum
354 1021 461 1084 locum
485 1021 600 1084 elicere
623 1026 741 1103 posset,
766 1026 800 1082 ut
824 1020 904 1082 citra
927 1019 1043 1082 vallem
1063 1038 1120 1101 pro
1137 1019 1269 1080 castriso

178 1129 297 1211 proelio
322 1129 540 1204 contenderet3
573 1128 599 1189 si
623 1127 655 1188 id
680 1125 804 1190 efficere
832 1145 897 1188 non
926 1131 1045 1208 posset,
1074 1130 1112 1188 ut
1140 1125 1246 1207 explo-

178 1236 256 1297 ratis
289 1234 456 1297 itineribus
490 1235 614 1297 minore
647 1253 720 1296 cum
752 1233 895 1315 periculo
928 1232 1044 1294 vallem
1077 1233 1246 1313 rivumque

149 1343 335 1405 atransiret.
381 1342 484 1424 prima
508 1341 578 1403 luce
602 1341 741 1403 hostium
765 1341 925 1421 equitatus
948 1340 989 1401 ad
1005 1343 1109 1402 castra
1128 1339 1248 1402 accedit

148 1448 402 1529 aproeliumque
437 1467 510 1510 cum
542 1448 658 1510 nostris
696 1446 859 1528 equitibus
896 1446 1072 1509 committit.
1134 1445 1247 1509 Caesar

180 1555 324 1617 consulto
358 1555 483 1635 equites
516 1553 627 1617 cedere
660 1571 757 1634 seque
786 1554 820 1615 in
849 1558 951 1616 castra
976 1553 1120 1635 recipere
1152 1552 1246 1631 iubet,
1259 1572 1282 1614 ro

180 1663 272 1723 simul
307 1680 349 1723 ex
381 1661 530 1724 omnibus
563 1660 704 1742 partibus
737 1664 839 1723 castra
867 1660 979 1722 altiore
1011 1659 1096 1722 vallo
1128 1658 1247 1721 muniri

179 1775 349 1850 portasque
373 1769 495 1831 obstrui
519 1773 614 1848 atque
637 1768 671 1828 111
695 1767 744 1829 his
761 1765 1019 1829 administrandis
1037 1765 1136 1829 rebus
1154 1785 1247 1847 quam

180 1876 321 1938 maxime
345 1877 528 1937 concursari
551 1880 583 1937 et
606 1894 679 1936 cum
704 1875 905 1937 simulatione
929 1873 981 1956 agi
1003 1873 1127 1936 timoris
1152 1871 1246 1935 iubet.

121 1997 160 2050 el
181 1979 303 2055 Quibus
339 1981 487 2045 omnibus
520 1981 616 2044 rebus
649 1981 754 2044 hostes
786 1981 912 2043 invitati
941 1981 1047 2063 copias
1077 1980 1270 2043 traducuntr

153 2090 346 2169 2aciemque
369 2090 479 2169 iniquo
502 2089 572 2151 loco
597 2089 808 2167 constituunt,
836 2088 952 2150 nostris
979 2106 1056 2150 vero
1085 2088 1182 2151 etiam
1210 2087 1247 2149 de

182 2195 264 2257 vallo
290 2195 434 2258 deductis
457 2197 588 2277 propius
612 2195 768 2258 accedunt
791 2199 822 2257 et
844 2194 906 2257 tela
928 2194 1014 2256 intra
1036 2196 1247 2258 munitionem

150 2320 224 2364 aer
240 2301 388 2364 omnibus
408 2301 548 2383 partibus
568 2303 708 2364 coioirmt
723 2300 999 2384 praeconibusque
1019 2301 1248 2364 circummissis

180 2408 382 2490 pronuntiari
414 2408 538 2489 iubent,
572 2426 628 2470 seu
657 2409 729 2488 quis
757 2407 867 2471 Gallus
895 2425 953 2469 seu
979 2407 1145 2471 Romanus
1173 2409 1272 2470 velita

182 2519 254 2576 ante
278 2514 387 2575 horam
411 2515 536 2576 tertiam
564 2515 603 2576 ad
632 2534 666 2577 se
690 2515 840 2596 transire,
868 2516 937 2578 sine
966 2514 1109 2598 periculo
1137 2515 1246 2593 licere,

150 2643 166 2682 -4
181 2627 252 2704 post
274 2621 306 2683 id
330 2625 454 2702 tempus
477 2640 541 2683 uon
564 2621 631 2684 fore
653 2626 848 2704 potestatem.
895 2641 933 2684 ac
956 2622 1001 2683 sic
1023 2627 1150 2685 nostros
1175 2641 1248 2684 con-

181 2733 389 2811 tempserunt,
414 2734 449 2791 ut
473 2728 644 2792 obstructis
666 2731 702 2791 in
725 2730 861 2810 speciem
883 2728 982 2811 portis
1006 2728 1143 2811 singulis
1167 2729 1249 2791 ordi-

181 2835 277 2898 nibus
301 2837 489 2918 caespitum,
515 2836 601 2917 quod
625 2854 662 2898 ea
685 2854 750 2897 non
778 2853 870 2917 posse
899 2836 1133 2918 introrumpere
1163 2836 1248 2898 vide-

181 2944 310 3025 bantur,
339 2943 395 3004 alii
418 2943 539 3004 vallum
566 2962 665 3005 manu
693 2941 851 3022 scindere,
880 2941 936 3002 alii
963 2940 1064 3004 fossas
1092 2943 1286 3024 complerem

150 3050 368 3133 ainciperent.
420 3057 487 3113 tum
517 3047 632 3112 Caesar
660 3049 811 3112 omnibus
838 3049 937 3131 portis
970 3048 1137 3130 eruptione
1169 3049 1249 3112 facta

181 3158 391 3238 equitatuque
415 3157 530 3219 emisso
554 3156 701 3218 celeriter
725 3156 830 3218 hostes
854 3156 886 3217 11
910 3155 1019 3237 fugam
1043 3153 1109 3236 dat,
1133 3157 1179 3218 sic
1203 3156 1249 3218 uti

182 3264 312 3326 omnino
336 3264 501 3346 pugnandi
529 3281 625 3324 causa
647 3264 807 3326 resisteret
829 3281 935 3345 nemo,
963 3281 1181 3345 magnumque
1210 3280 1250 3324 ex

181 3371 220 3432 iis
244 3388 415 3432 numerum
440 3370 555 3432 occidit
578 3373 672 3449 atque
698 3387 808 3431 omnes
832 3370 926 3431 armis
951 3369 1048 3431 exuit.

120 3487 162 3541 52
271 3475 412 3558 Longius
434 3477 584 3558 prosequi
605 3476 738 3555 veritus,
763 3475 848 3557 quod
868 3476 966 3539 silvae
985 3475 1182 3558 paludesque
1201 3478 1275 3538 in·1

183 3581 387 3644 teroedebant
401 3581 517 3665 [neque
537 3585 632 3646 etiam
646 3582 781 3664 parvulo
798 3583 985 3646 detrimento
999 3582 1128 3645 illorum
1144 3583 1250 3645 locum

272 3757 303 3808 21
325 3758 572 3824 commodissimop
603 3758 611 3826 ll
644 3758 678 3810 22
697 3757 780 3811 ualles
800 3757 887 3826 (uallis
907 3758 939 3826 S)
959 3778 976 3808 a
1008 3759 1017 3823 ΙΙ
1049 3759 1175 3826 ροεεθῒβ

271 3846 316 3900 bl).
337 3846 353 3898 2
372 3861 430 3899 sese
450 3865 480 3913 ας
500 3863 528 3899 se
547 3847 608 3913 inp]
638 3847 647 3916 ll
678 3848 856 3913 tlefficerocq
875 3847 966 3915 fieriu
998 3848 1006 3917 11
1039 3847 1250 3901 lminoreoum

181 3954 212 4004 n3
233 3935 574 4006 min01·en;aminorep
607 3937 615 4005 ll
649 3939 680 3989 11
702 3937 840 4002 munirep
871 3937 879 4005 ll
913 3937 945 3989 13
965 3936 1039 3989 iubet
1057 3935 1107 3989 dcl.
1128 3936 1220 3990 *Poul

270 4026 316 4080 bl.
337 4025 353 4077 2
372 4026 405 4078 de
425 4043 453 4092 u3
474 4032 523 4092 ep
559 4025 566 4094 ll
604 4028 687 4079 bseu
706 4027 765 4095 quis
784 4032 943 4092 romanusp
974 4026 983 4095 ll
1015 4026 1096 4079 deas
1117 4045 1134 4076 a
1171 4028 1180 4097 [1
1219 4025 1250 4078 12

178 4116 228 4169 dat
246 4116 337 4169 hostes
355 4117 383 4168 11
401 4116 526 4184 fugamss
557 4116 565 4185 ll
598 4118 662 4182 utpl
693 4117 701 4183 ll
735 4115 768 4167 14
787 4114 819 4167 iis
840 4113 876 4181 A3
897 4114 934 4167 eis
954 4133 988 4184 qq
1008 4113 1050 4166 his
1074 4114 1114 4182 Qp

270 4205 316 4259 5⁶2.
337 4207 349 4256 1
364 4204 488 4273 prosequi
500 4203 598 4274 noluit,
611 4205 711 4257 ueritus
722 4211 739 4271 ,1
762 4209 770 4270 ll
795 4203 810 4256 2
824 4202 901 4256 illum
914 4202 993 4270 SM²;
1006 4203 1092 4256 ullum
1107 4204 1251 4270 Lorrrbr'n.;

177 4310 292 4348 suorum
310 4293 405 4348 ¹laria.
438 4293 446 4361 l!
478 4293 566 4348 locum
587 4300 667 4360 eospl
