2806 4778
177 305 239 365 126
577 316 682 370 BELLI
705 316 848 370 GALLICI

119 490 154 544 47
174 500 215 543 ex
243 482 398 564 proximis
426 480 567 544 hibernis
595 481 687 563 cogit.
733 479 823 542 Hora
850 480 976 542 circiter
1001 478 1060 541 ΠΙ.
1089 478 1129 541 ab
1159 484 1269 543 ante-r

174 588 358 651 cursoribus
382 588 420 650 de
445 587 550 650 Crassi
574 587 712 650 adventu
741 588 858 650 certior
883 586 985 648 factus
1013 604 1052 649 eo
1079 585 1132 648 die
1158 586 1245 647 milia

146 714 326 778 2passuum
354 693 422 756 XX
450 693 659 777 progreditur.
711 692 859 756 Crassum
888 691 1130 756 Samarobrivae
1156 711 1243 775 prae·

173 800 240 865 ficit
263 802 486 884 legionemque
510 803 540 864 ei
559 801 715 881 attribuit,
739 800 888 883 quodibi
906 799 1137 883 impedimenta
1155 818 1243 862 exer-

174 910 267 990 citus,
301 908 427 971 obsides
455 909 633 989 civitatum,
664 907 785 970 litteras
812 907 957 990 publicas
984 907 1268 986 frumentumques

174 1035 281 1096 omne,
306 1015 391 1097 quod
416 1035 453 1077 eo
478 1014 660 1077 tolerandae
684 1014 796 1077 hiemis
820 1033 916 1077 causa
940 1013 1125 1094 devexerat,
1149 1013 1242 1076 relin-

145 1123 299 1205 equebat
354 1121 485 1203 Fabius,
523 1128 558 1183 ut
589 1123 781 1204 imperatum
814 1126 894 1202 erat,
931 1139 995 1182 non
1031 1120 1075 1182 ita
1106 1120 1241 1182 multum

145 1236 315 1296 inroratus
334 1231 368 1291 in
389 1229 503 1291 itinere
522 1247 595 1290 cum
615 1228 740 1310 legione
760 1228 907 1291 occurrit
932 1227 1093 1290 Labienus
1111 1227 1243 1289 interitu

174 1335 284 1400 Sabini
309 1342 341 1398 et
363 1336 459 1398 caede
484 1335 662 1398 cohortium
690 1336 831 1418 cognita,
860 1354 936 1397 cnm
963 1352 1074 1397 omnes
1102 1333 1143 1395 ad
1172 1353 1242 1396 eum

173 1443 382 1505 Treverorum
407 1442 517 1525 copiae
539 1442 714 1523 venissent,
739 1443 875 1523 veritus,
902 1459 958 1523 ne,
981 1442 1010 1505 si
1032 1460 1075 1504 ex
1103 1440 1241 1504 hibernis
1254 1460 1279 1501 ro

172 1550 266 1633 fugae
303 1549 439 1612 similem
473 1549 700 1631 profectionem
737 1548 875 1632 fecisset,
912 1549 1052 1611 hostium
1088 1548 1242 1631 impetum

173 1657 331 1719 sustinere
364 1675 429 1718 non
462 1662 580 1739 posset,
618 1657 804 1738 praesertim
842 1675 922 1737 quos
953 1655 1075 1718 recenti
1110 1654 1242 1717 victoria

146 1788 159 1828 a
174 1764 279 1827 efferri
294 1763 401 1845 sciret,
425 1763 546 1825 litteras
562 1760 689 1824 Caesari
704 1763 849 1845 remittit,
875 1767 994 1843 quanto
1010 1781 1086 1825 cum
1101 1761 1241 1845 periculo

173 1871 332 1953 legionem
356 1889 397 1933 ex
419 1869 562 1931 hibernis
578 1869 751 1932 eductums
767 1874 862 1949 esset,
887 1887 955 1931 rem
971 1873 1093 1952 gestam
1106 1869 1142 1930 in
1158 1868 1242 1931 Ebu-

171 1977 305 2040 ronibus
328 1975 509 2059 perscribit,
535 1977 628 2038 docet
651 1994 761 2038 omnes
777 1976 938 2057 equitatus
952 1976 1177 2059 peditatusque
1193 1994 1241 2037 ce-
1254 1992 1278 2033 rs

172 2086 241 2166 pias
262 2084 471 2147 Treverorum
494 2083 544 2145 HI
567 2083 657 2144 milia
679 2102 832 2165 passuum
855 2083 950 2164 longe
978 2082 1017 2145 ab
1041 2083 1110 2145 suis
1133 2083 1241 2144 eastris

118 2206 154 2259 48
174 2191 364 2253 consedisse.
416 2188 531 2252 Caesar
563 2190 696 2252 consilio
731 2191 801 2252 eius
829 2190 974 2272 probato,
1008 2189 1067 2252 etsi
1093 2189 1264 2273 opinioner

173 2298 271 2359 trium
293 2296 457 2378 legionum
481 2296 623 2359 deiectus
647 2297 687 2358 ad
711 2297 790 2360 duas
812 2297 981 2378 reciderat,
1009 2301 1119 2359 tamen
1140 2316 1241 2359 unum

146 2403 338 2466 acommuni
369 2402 465 2465 saluti
498 2402 655 2464 auxilium
692 2405 726 2465 in
758 2403 919 2467 celeritate
950 2403 1098 2487 ponebat.
1154 2404 1242 2466 venit

173 2510 296 2591 magnis
329 2509 497 2572 itineribus
530 2510 564 2570 in
596 2510 789 2573 Nerviorum
819 2509 908 2574 fines.
956 2511 1002 2573 ibi
1034 2529 1076 2574 ex
1109 2511 1241 2593 captivis

173 2617 347 2699 cognoscit,
377 2634 458 2696 quae
487 2617 571 2699 apud
599 2615 784 2680 Ciceronem
812 2624 964 2700 gerantur
991 2621 1177 2698 quantoque
1208 2618 1267 2678 ina

145 2723 314 2806 epericulo
338 2742 389 2786 res
413 2725 460 2786 sit.
507 2730 576 2786 turn
600 2725 727 2786 cuidam
752 2743 792 2787 ex
817 2725 978 2805 equitibus
995 2724 1094 2788 Gallis
1117 2725 1242 2806 magnis

171 2831 321 2913 praemiis
349 2831 530 2912 persuadet,
558 2832 606 2893 uti
634 2831 673 2893 ad
702 2830 891 2894 Ciceronem
918 2831 1086 2915 epistulam
1115 2831 1240 2894 deferat.

144 2937 253 3001 ahane
286 2936 416 3000 Graecis
450 2939 661 3020 conscriptam
697 2938 810 3001 litteris
843 2939 954 3019 mittit,
991 2956 1033 3001 ne
1067 2939 1242 3020 intercepta

144 3069 157 3110 a
172 3044 307 3127 epistula
330 3050 439 3107 nostra
462 3044 500 3106 ab
517 3044 662 3107 hostibus
679 3045 813 3108 consilia
828 3050 1068 3129 cognoscantur.
1108 3046 1136 3108 si
1154 3046 1240 3108 adire

170 3170 238 3214 non
261 3152 373 3233 possit,
397 3156 517 3234 monet,
543 3157 578 3214 ut
600 3152 757 3234 tragulam
781 3172 854 3215 cum
870 3152 1007 3235 epistula
1022 3152 1062 3214 ad
1078 3159 1240 3216 amentum
1253 3167 1280 3208 ro

144 3258 308 3340 edeligata
339 3259 424 3320 intra
455 3259 650 3321 munitiones
683 3264 861 3322 castrorum
889 3259 1013 3322 abiciat.
1064 3260 1099 3321 in
1127 3259 1239 3322 litteris

262 3489 293 3539 11
315 3487 385 3556 cogit
402 3495 428 3553 β;
449 3487 549 3555 colligit
568 3507 585 3539 ca

259 3596 304 3648 lt.
326 3595 341 3646 2
361 3595 456 3647 certior
475 3598 517 3647 est
535 3595 628 3648 tactus
656 3595 731 3662 an
762 3597 771 3660 ll
803 3596 1044 3664 3progrediturf13
1063 3596 1182 3664 procedit
1196 3616 1212 3647 a
1231 3595 1240 3665 ll

171 3683 195 3734 3.
215 3683 232 3733 4
252 3683 377 3750 praefecit
396 3683 449 3734 Mn
481 3685 489 3751 ll
521 3684 581 3736 4ei
600 3701 652 3736 om.
674 3704 691 3735 a
724 3686 732 3754 i
765 3685 982 3755 bciuitatiump
1014 3685 1023 3754 ll
1055 3685 1213 3751 Ceterafl
1230 3683 1240 3754 ll

172 3771 406 3838 10treui1orumss
437 3773 445 3840 ll
478 3773 695 3840 conuenissentss
726 3775 734 3842 ll
767 3791 813 3842 ne,
832 3775 855 3827 si
872 3775 952 3842 (laed,
971 3791 1004 3828 ne
1025 3793 1055 3841 a,
1074 3774 1133 3842 sip]
1164 3773 1173 3841 ll
1206 3776 1235 3827 11

171 3860 279 3913 fecisset
296 3863 326 3913 ut
346 3880 362 3911 a
396 3861 404 3928 ll
438 3861 471 3913 13
491 3861 598 3913 dimittit
617 3881 634 3912 a
667 3863 675 3930 ll
709 3865 742 3916 15
762 3863 895 3932 equitatus
913 3864 1100 3931 peditatusque
1119 3862 1174 3930 Ap,
1192 3879 1238 3931 pe-

170 3949 267 4002 ditatus
286 3949 470 4019 equitatusque
489 3949 540 4018 po
571 3950 579 4017 ΙΙ
612 3952 645 4005 16
664 3959 714 4018 ap

258 4058 304 4111 48.
325 4057 341 4109 2
359 4056 491 4110 reciderat
513 4056 625 4125 Pluyp,
650 4059 764 4112 redierat
781 4059 811 4111 X
845 4060 853 4127 ll
890 4059 1060 4113 Rcommuni
1083 4059 1164 4113 saluti
1185 4061 1238 4128 (sa-

169 4143 225 4198 lute
244 4148 289 4215 pc)
307 4153 336 4213 ab
356 4146 503 4199 communis
522 4145 616 4200 salutis
636 4167 654 4198 a
685 4148 694 4216 ll
726 4148 885 4216 isuadetss
916 4151 924 4217 ll
958 4149 991 4204 10
1010 4151 1175 4202 aramentum
1195 4169 1212 4200 a
1230 4147 1240 4219 ll

172 4235 202 4286 11
223 4236 396 4290 munitionem
417 4255 434 4287 u
