2806 4778
251 344 292 404 92
656 357 759 410 BELLI
778 357 920 410 GALLICI

196 530 230 584 27
251 541 352 584 unum
377 522 417 583 ad
439 522 607 603 pristinam
629 521 790 583 fortunam
806 518 932 582 Caesari
949 519 1058 581 defuit.
1097 517 1216 581 Hostes
1231 538 1350 601 proc-r

250 628 293 689 lio
318 628 470 710 superati,
499 626 594 689 simul
623 631 719 708 atque
749 645 783 688 se
812 646 853 688 ex
880 626 955 708 fuga
984 630 1187 708 receperunt,
1215 626 1321 687 statim

251 734 291 797 ad
319 733 484 796 Caesarem
513 735 634 816 legatos
664 733 703 796 de
732 752 809 814 pace
837 735 1006 811 miserunt,
1037 731 1163 795 obsides
1192 732 1322 795 daturos

224 859 397 921 aquaeque
420 842 608 923 imperasset
631 840 770 903 facturos
795 858 864 903 sese
879 840 1014 922 polliciti
1030 844 1113 902 sunt.
1159 858 1225 900 una
1248 859 1322 902 cum

250 948 299 1010 his
322 947 434 1030 legatis
458 946 620 1010 Commius
644 947 781 1010 Atrebas
810 948 910 1029 venit,
941 965 1037 1028 quem
1067 965 1163 1028 supra
1191 946 1349 1012 demon-5

223 1059 424 1122 asturam
457 1074 475 1115 a
503 1053 636 1117 Caesare
669 1056 701 1116 in
731 1054 931 1117 Britanniam
964 1055 1183 1136 praemissum.
1234 1053 1321 1116 hunc

250 1162 297 1223 illi
321 1181 338 1224 e
362 1162 438 1222 navi
463 1180 640 1244 egressum,
664 1181 737 1224 cum
761 1162 802 1224 ad
826 1180 880 1224 eos
904 1163 1038 1224 oratoris
1057 1160 1152 1224 modo
1178 1160 1323 1224 Caesaris

249 1268 399 1331 mandata
422 1267 571 1349 deferret,
595 1268 901 1351 comprehenderant
924 1273 1019 1350 atque
1042 1269 1077 1330 in
1092 1267 1224 1331 vincula
1247 1287 1322 1330 con·

223 1376 404 1453 aiecerant3
430 1379 498 1437 tum
522 1376 642 1458 proelio
666 1376 746 1439 facto
770 1377 963 1439 remiserunt
987 1382 1018 1438 et
1040 1376 1076 1437 in
1090 1375 1230 1458 petenda
1244 1395 1321 1458 pace

251 1482 320 1544 eius
343 1484 391 1544 rei
414 1482 541 1565 culpam
568 1483 604 1544 in
631 1482 872 1545 multitudinem
901 1484 1107 1545 contulerunt
1134 1487 1166 1545 et
1194 1490 1322 1565 propter
1336 1504 1361 1544 ro

224 1589 497 1672 airnprudentiam
520 1595 556 1652 ut
579 1591 799 1672 ignosceretur
818 1591 1009 1672 petiverunt.
1049 1588 1165 1653 Caesar
1181 1594 1322 1670 questus

252 1695 349 1778 quod,
374 1716 448 1758 cum
471 1697 554 1759 ultro
578 1698 612 1758 in
636 1698 854 1760 continentem
882 1696 993 1779 legatis
1016 1697 1123 1760 missis
1146 1716 1258 1781 pacem
1283 1696 1321 1758 ab

251 1822 283 1865 se
306 1804 473 1886 petissent,
497 1803 618 1867 bellum
642 1806 711 1867 sine
735 1824 830 1867 causa
853 1805 1050 1884 intulissent,
1073 1805 1239 1888 ignoscere
1263 1804 1321 1866 im·

224 1939 236 1979 c
250 1910 438 1993 prudentiae
463 1912 546 1973 dixit
565 1910 755 1992 obsidesque
772 1911 954 1994 imperavit,
980 1930 1119 1993 quorum
1133 1911 1183 1973 illi
1198 1916 1321 1994 partem

250 2019 356 2080 statim
382 2019 549 2100 dederunt,
573 2022 695 2100 partem
719 2037 760 2081 ex
783 2017 1064 2102 longinquioribus
1086 2017 1166 2080 locis
1190 2019 1360 2082 arcessi-15

224 2129 316 2194 atam
343 2126 454 2207 paucis
484 2125 597 2188 diebus
625 2144 694 2188 sese
723 2126 854 2188 daturos
882 2124 1041 2189 dixerunt.
1092 2126 1215 2188 Interea
1247 2145 1321 2188 suos

251 2231 425 2313 remigrare
449 2231 484 2293 in
509 2252 601 2314 agros
623 2234 800 2312 iusserunt,
824 2233 1049 2316 principesque
1073 2230 1217 2314 undique
1247 2251 1321 2295 con-

251 2338 361 2400 venire
385 2344 416 2400 et
445 2357 478 2401 se
503 2339 712 2420 civitatesque
741 2359 815 2402 suas
845 2338 970 2401 Caesari
998 2338 1223 2402 commendare
1250 2357 1322 2402 coe-

251 2448 375 2525 perunt.

198 2568 234 2622 28
342 2549 404 2613 His
427 2551 524 2614 rebus
542 2572 620 2635 pace
640 2552 825 2616 confirmata
843 2558 914 2636 post
933 2553 1017 2617 diem
1038 2559 1200 2635 quartum,
1225 2573 1321 2636 quam
1347 2573 1357 2612 1

252 2663 300 2720 est
321 2659 357 2720 in
380 2657 579 2721 Britanniam
600 2665 745 2742 ventum,
769 2680 867 2724 naves
881 2661 1011 2741 XVIII,
1034 2659 1074 2724 de
1091 2661 1209 2742 quibus
1226 2681 1321 2744 supra

253 2764 506 2828 demonstratum
530 2772 590 2848 est,
616 2786 697 2848 quae
721 2768 845 2847 equites
869 2768 1075 2851 sustulerant,
1100 2787 1142 2832 ex
1158 2769 1321 2853 superiore

225 2878 346 2955 apertu
373 2872 437 2935 leni
466 2878 562 2936 vento
591 2874 764 2938 solverunt.
818 2894 898 2956 quae
926 2895 1000 2937 cum
1029 2875 1322 2959 adpropinquarent

251 2979 439 3043 Britanniae
464 2987 495 3043 et
518 2999 560 3043 ex
576 2983 688 3045 castris
704 2981 900 3063 viderentur,
924 2987 1013 3044 tanta
1029 2987 1198 3065 tempestas
1215 2982 1319 3046 subito
1345 2999 1359 3040 5

251 3091 358 3149 coorta
381 3092 440 3168 est,
464 3089 604 3152 utnulla
620 3108 730 3151 earum
754 3108 885 3151 cursum
901 3094 1008 3152 tenere
1024 3094 1142 3172 posset,
1166 3089 1224 3152 sed
1240 3089 1321 3152 aliae

252 3194 377 3274 eodem,
401 3194 487 3257 unde
511 3199 602 3257 erant
629 3195 800 3278 profectae,
828 3195 1035 3277 referrentur,
1064 3195 1144 3259 aliae
1174 3195 1214 3259 ad
1242 3196 1322 3260 inse-

251 3300 367 3362 riorem
395 3305 518 3382 partem
547 3303 686 3381 insulae,
715 3321 796 3383 quae
825 3308 873 3365 est
900 3303 1031 3385 propius
1059 3302 1135 3366 solis
1164 3322 1323 3385 occasum,

342 3567 374 3618 16
394 3567 495 3619 caesari
514 3569 548 3620 ad
567 3567 706 3635 pristinam
724 3568 857 3621 fortunam
876 3589 891 3638 p

340 3654 385 3709 21.
406 3657 422 3707 4
441 3656 557 3710 facturos
576 3673 635 3710 sese
656 3657 751 3723 Seda.;
780 3673 839 3711 sese
858 3658 973 3712 facturos
991 3665 1020 3725 βς
1049 3658 1164 3712 facturos
1189 3673 1248 3712 esse
1268 3677 1286 3709 α
1313 3658 1323 3729 ll

251 3744 318 3799 aiis
337 3744 368 3811 la,
387 3744 437 3797 hiis
457 3763 474 3798 a
506 3747 515 3813 11
547 3749 653 3800 atreuas
672 3746 719 3816 (1ίῦ
751 3746 760 3814 ll
791 3748 991 3815 Sperferretss
1023 3748 1031 3816 11
1063 3746 1187 3814 uinclass
1218 3748 1227 3816 11
1259 3748 1324 3802 9et

251 3853 303 3887 oua.
324 3853 342 3885 u
379 3835 387 3902 11
425 3835 458 3888 10
477 3835 648 3889 contulerunt
665 3842 693 3902 β;
718 3835 887 3889 coniecerunt
906 3856 924 3887 u
960 3836 969 3905 11
1007 3836 1041 3889 12
1060 3853 1076 3890 a
1095 3837 1133 3902 Sd
1173 3837 1181 3905 11
1224 3837 1321 3889 1415

251 3924 340 3977 statim
360 3925 498 3991 partemss
529 3924 538 3991 11
572 3927 612 3978 15.
634 3926 667 3978 16
686 3925 842 3978 accersitam
862 3945 879 3976 u
905 3926 914 3994 11
942 3926 974 3980 16
989 3926 1081 3993 paucis
1100 3927 1161 3993 post
1172 3925 1265 3978 diebus
1277 3932 1295 3992 β
1312 3923 1323 3995 ΙΙ

251 4029 280 4066 se
298 4012 360 4064 B⁸n
390 4014 399 4081 11
432 4013 539 4066 daturos
559 4033 589 4079 u;
618 4014 725 4067 daturos
744 4021 839 4081 essert
870 4016 879 4084 11
912 4015 944 4068 11
963 4015 990 4067 in
1009 4030 1085 4083 agros
1108 4013 1285 4082 remigrarefl
1312 4012 1322 4084 ΙΙ

253 4103 293 4155 17.
315 4103 348 4156 18
367 4118 515 4156 conuenere
534 4121 556 4154 π
597 4102 605 4170 ll
648 4102 689 4156 18.
711 4103 743 4157 19
763 4105 948 4158 commendare
968 4106 1111 4171 coeperunt
1130 4121 1160 4170 a,
1185 4118 1321 4158 commen-

252 4193 383 4258 daruntss

340 4281 386 4336 28.
407 4283 421 4334 7
441 4283 589 4335 referentur
608 4301 625 4333 a
