2806 4778
472 336 580 390 LIBER
599 337 631 389 V.
652 336 727 391 CAP.
748 338 835 391 3-6.
1126 324 1186 385 101

88 523 102 564 5
118 500 208 578 tisse3
229 499 370 581 reliquas
383 504 510 582 paratas
526 499 566 561 ad
582 500 799 583 navigandum
815 505 910 582 atque
928 500 1076 564 omuibus
1092 500 1188 565 rebus

116 607 289 670 instructas
317 608 447 669 invenit.
498 606 611 669 eodem
639 609 800 688 equitatus
832 609 930 670 totius
960 607 1080 672 Galliae
1113 627 1215 674 con-a

117 714 219 795 venit,
242 733 377 776 numero
391 714 480 775 milia
499 714 578 795 llll,
602 713 828 796 principesque
853 734 894 778 ex
914 715 1063 778 omnibus
1080 716 1189 778 civita-

117 820 217 899 tibus3
243 838 285 882 ex
309 819 426 901 quibus
449 839 638 903 perpaucos,
668 840 806 902 quorum
829 823 862 884 in
887 841 920 885 se
943 821 1040 885 fidem
1063 841 1215 905 persper

118 931 223 1006 xerat,
246 926 427 1008 relinquere
449 928 484 988 in
509 926 625 1007 Gallia,
648 928 789 1011 reliquos
814 927 962 1007 obsidum
984 929 1056 991 loco
1079 947 1188 992 secum

75 1056 103 1098 1o
117 1033 235 1096 ducere
253 1033 449 1116 decreverat,
475 1034 573 1117 quod,
598 1014 754 1117 cumipse
771 1035 907 1117 abesset,
926 1041 1048 1098 motum
1067 1033 1187 1099 Galliae

120 1140 298 1203 verebatur.
901 1209 905 1213 .

89 1272 102 1311 1
208 1245 285 1310 Erat
312 1266 378 1310 una
406 1268 480 1310 cuna
508 1250 621 1312 ceteris
648 1247 831 1311 Dumnorix
858 1249 1027 1330 HaeduuS,
1056 1249 1095 1312 de
1125 1265 1224 1330 quoe

119 1359 194 1418 ante
218 1375 237 1416 a
259 1354 352 1417 nobis
376 1355 499 1417 dictum
522 1359 578 1418 est.
624 1355 712 1418 hunc
736 1374 845 1418 secum
873 1356 988 1419 habere
1015 1357 1051 1417 in
1077 1356 1188 1438 primis

118 1462 340 1542 constituerat,
358 1462 444 1543 quod
460 1480 534 1524 eum
550 1462 701 1544 cupidum
718 1481 827 1525 rerum
843 1481 1012 1544 novarum,
1037 1463 1188 1545 cupidum

119 1569 257 1650 imperii,
290 1569 398 1650 magni
427 1569 538 1649 animi,
571 1588 705 1652 maguae
739 1571 823 1632 inter
852 1569 960 1632 Gallos
993 1570 1187 1632 auctoritatis

88 1680 320 1758 arognoverat.
367 1674 537 1739 accedebat
560 1676 636 1757 huc,
661 1675 746 1756 quod
769 1677 805 1737 in
828 1675 962 1738 concilio
978 1675 1214 1741 Haeduoruma

119 1779 303 1843 Dumnorix
327 1781 451 1844 dixerat
475 1782 536 1845 sibi
559 1802 578 1844 a
598 1780 731 1845 Caesare
754 1801 890 1865 regnum
906 1783 1041 1845 civitatis
1058 1781 1186 1863 deferri,

120 1887 206 1968 quod
237 1887 360 1951 dictum
387 1887 516 1951 Haedui
543 1889 681 1971 graviter
707 1888 850 1953 l'erebant
882 1908 987 1971 noque
1018 1890 1188 1952 recusa-ndi

119 1999 175 2057 aut
198 1993 388 2077 deprecandi
412 2015 508 2057 causa
530 1995 653 2078 legatos
682 1996 722 2058 ad
746 1994 911 2058 Caesarem
938 1997 1063 2059 mittere
1091 1997 1187 2059 aude-

120 2100 205 2164 bant.
255 2101 288 2164 id
315 2101 435 2164 facturn
467 2121 509 2166 ex
537 2103 604 2164 suis
632 2102 809 2184 hospitibus
842 2100 957 2165 Caesar
989 2107 1187 2185 cognoverat

76 2230 105 2272 10
120 2208 177 2271 ille
202 2208 351 2280 omnibus
366 2209 470 2291 primo
486 2209 635 2291 precibus
651 2214 758 2291 petere
775 2209 951 2289 contendit,
976 2214 1012 2271 ut
1033 2209 1069 2271 in
1085 2209 1214 2274 Galliae

119 2314 367 2396 relinqueretur,
391 2317 507 2398 partim
532 2317 619 2398 quod
635 2317 780 2379 insuetus
796 2315 971 2398 navigandi
985 2335 1073 2379 mare
1098 2317 1188 2380 timc-

119 2425 181 2503 ret,
204 2423 319 2504 partim
336 2423 422 2505 quod
439 2422 650 2505 religionibus
665 2423 812 2506 impediri
828 2442 896 2486 sese
916 2423 1041 2486 diceret.
1081 2430 1215 2506 postear

121 2548 216 2610 quam
240 2529 275 2591 id
298 2529 455 2593 obstinate
478 2529 540 2592 sibi
564 2529 673 2612 negari
697 2530 791 2611 vidit,
816 2531 903 2592 omui
919 2549 974 2613 spe
998 2530 1188 2613 impetrandi

119 2636 266 2718 adempta
297 2637 457 2719 principes
492 2636 613 2699 Galliae
647 2637 831 2718 sollicitare,
863 2655 1011 2729 sevooqre
1045 2638 1187 2721 singulos

76 2764 104 2805 15
120 2743 302 2825 hortarique
335 2745 450 2826 coepit,
488 2745 536 2806 uti
567 2743 601 2805 in
635 2745 812 2806 continenti
846 2750 1061 2823 reinanercnt3
1099 2748 1214 2810 anetus

120 2850 277 2912 territare:
302 2869 368 2912 non
392 2851 461 2913 sine
486 2869 581 2912 causa
603 2849 686 2932 fieri,
718 2856 756 2913 ut
779 2851 881 2914 Gallia
906 2852 994 2914 omni
1022 2850 1187 2914 nobilitate

119 2956 321 3038 spoliaretur3
346 2957 380 3019 id
404 2976 472 3020 esse
497 2957 668 3019 consilium
693 2956 850 3039 Caesena,
874 2964 921 3040 ut,
952 2977 1032 3039 quos
1054 2959 1089 3019 in
1113 2977 1187 3020 con-

119 3068 230 3146 spectu
263 3062 384 3127 Galliae
413 3062 592 3126 interficere
621 3069 796 3144 vereretur,
829 3064 887 3126 hos
916 3083 1026 3127 omnes
1054 3064 1089 3126 in
1117 3064 1187 3127 Bri·
1242 3146 1247 3155 ι

118 3170 260 3232 tanniam
283 3169 445 3234 traductos
469 3175 609 3250 necaret,
634 3170 730 3234 fidem
746 3171 879 3253 reliquis
895 3170 1113 3253 interponere,
1137 3172 1214 3236 tusa

77 3276 290 3339 aoiurandum
318 3296 463 3360 poscere,
492 3282 542 3358 ut,
571 3277 657 3359 quod
686 3296 754 3340 esse
784 3296 825 3339 ex
854 3297 915 3340 usu
945 3276 1065 3340 Galliae
1094 3277 1187 3340 intel-

118 3383 285 3465 lexissent,
309 3384 473 3446 communi
497 3385 631 3446 consilio
656 3384 920 3447 administrarent.
967 3384 1045 3447 haec
1068 3404 1187 3448 acom-

207 3614 224 3667 6
243 3613 324 3666 totius
342 3613 437 3682 galliae
457 3613 590 3682 equitatus
608 3620 625 3679 p
657 3619 665 3681 11
698 3615 712 3666 7
733 3613 805 3667 nrilia
819 3613 888 3680 HM,
908 3613 960 3665 mil
975 3620 1003 3680 β;
1023 3612 1186 3684 milianica!

117 3702 135 3756 8
154 3717 286 3771 ραιιοοεχ

206 3809 234 3864 6.
256 3811 269 3862 l
290 3810 456 3878 dubnorixp
493 3809 501 3878 11
538 3809 683 3862 ‘2anobis
701 3813 779 3863 antea
796 3816 823 3877 ab
846 3811 906 3862 anto
925 3807 957 3862 ab
976 3809 1052 3862 nobis
1072 3828 1089 3860 α
1126 3809 1133 3876 ll
1170 3811 1186 3862 3
1282 3848 1292 3865 .

117 3914 180 3951 eum
198 3905 288 3966 onass
319 3899 328 3966 l}
360 3898 420 3952 oin
442 3897 485 3964 “ft
505 3898 558 3951 iam
577 3899 638 3965 inp
670 3901 678 3967 11
711 3899 877 3953 ddubnorix
896 3897 966 3966 ΜΡ)
1004 3897 1012 3965 tl
1051 3898 1083 3952 10
1101 3898 1186 3965 preci-

118 3987 168 4040 bus
187 3987 307 4056 prirnoss
338 3988 347 4056 11
380 3988 414 4040 12
432 4003 491 4041 sese
511 3987 610 4040 diceret
629 3988 785 4056 impedirip
825 3989 833 4056 lt
876 3989 910 4039 14
931 3986 1084 4054 sollicitare,
1109 4002 1186 4040 seuo·

118 4091 178 4130 care
198 4075 244 4144 (133
263 4092 389 4130 reuocare
403 4077 489 4145 ZMS)
509 4077 625 4144 singulos
646 4096 676 4144 «3
696 4077 814 4145 singulos
833 4076 986 4144 sollicitare,
1011 4091 1134 4128 seuocare
1152 4076 1185 4142 (ῖς

118 4180 242 4219 reuocare
262 4165 348 4233 π1ι1β
380 4167 389 4234 ll
424 4168 455 4220 15
475 4169 504 4219 ut
524 4165 570 4232 Mp
602 4166 610 4234 lt
645 4168 684 4218 15.
707 4167 739 4219 16
758 4169 832 4219 metu
851 4165 969 4218 territare
988 4170 1071 4230 orass
1102 4165 1110 4232 11
1144 4165 1185 4217 17.

119 4253 152 4308 18
172 4257 343 4323 conspectum
361 4261 379 4323 β
410 4255 419 4324 ll
452 4256 492 4310 19.
514 4255 548 4310 20
566 4256 609 4309 ius
628 4255 768 4308 iurandum
787 4255 837 4308 dcl.
858 4254 983 4307 Eussner
