2806 4778
244 323 303 417 ι60
662 336 768 392 naam
787 337 929 393 emmor

259 501 325 565 fere
348 503 513 584 superiora
534 501 605 564 loca
627 500 835 564 multitudine
859 506 1053 563 armatorum
1076 501 1237 584 completa
1261 521 1346 566 con-

259 609 458 691 spicerentur
479 627 587 691 neque
609 607 752 671 subsidio
776 608 880 671 veniri
908 627 1013 689 neque
1037 613 1238 672 commeatus
1262 629 1346 693 sup-

231 716 377 798 eportari
399 715 581 779 interclusis
604 714 773 778 itineribus
790 720 933 798 possent,
955 733 1053 798 prope
1076 716 1141 776 iam
1164 714 1384 798 desperatam

258 821 360 885 salute
382 841 449 884 non
471 821 580 885 nullae
603 821 774 885 eiusmodi
798 823 975 885 sententiae
992 820 1193 904 dicebantur,
1218 828 1257 886 ut
1279 824 1345 886 im-

258 928 448 1011 pedimentis
476 928 596 993 relictis
624 930 791 1012 eruptione
817 927 902 991 facta
923 929 1026 991 isdem
1048 929 1235 1011 itineribus,
1267 933 1345 1012 qui·

231 1035 319 1100 rbus
351 1054 388 1099 eo
420 1036 653 1118 pervenissent,
687 1035 728 1098 ad
761 1035 896 1099 salutem
929 1036 1166 1100 contenderent
1220 1040 1346 1102 maiori

258 1148 366 1206 tamen
389 1143 470 1226 parti
493 1142 625 1225 placuit,
648 1142 718 1205 hoc
732 1148 892 1206 reservato
917 1143 958 1205 ad
981 1147 1163 1206 extremum
1186 1143 1341 1230 (casum)

259 1249 392 1312 consilio
416 1250 544 1313 interim
567 1250 614 1312 rei
637 1254 789 1312 eventum
812 1250 953 1332 experiri
977 1255 1008 1313 et
1031 1249 1382 1317 castradefendere.15

221 1373 239 1425 4
258 1357 353 1420 Brevi
369 1357 470 1439 spatio
486 1356 664 1437 interiecto,
679 1356 738 1418 vix
753 1360 789 1418 ut
804 1357 844 1419 iis
859 1356 965 1439 rebus,
987 1376 1065 1440 quas
1082 1359 1343 1445 constituissent,
1358 1383 1368 1423 1

259 1463 463 1526 conlocandis
479 1468 575 1543 atque
591 1461 851 1526 administrandis
867 1466 992 1546 tempus
1009 1464 1146 1546 daretur,
1165 1465 1280 1530 hostes
1299 1487 1344 1532 ex

260 1569 408 1633 omnibus
431 1569 574 1653 partibus
597 1570 688 1653 signo
718 1570 790 1633 dato
815 1569 997 1652 decurrere,
1025 1571 1146 1653 lapides
1172 1591 1344 1657 gaesaque

232 1679 294 1740 ain
317 1677 436 1739 vallum
461 1677 592 1740 coicere.
637 1677 739 1740 nostri
766 1677 869 1759 primo
897 1677 1030 1760 integris
1057 1678 1181 1742 viribus
1209 1680 1344 1746 fortiter

257 1803 459 1868 propugnare
482 1802 589 1864 neque
612 1783 715 1846 ullum
737 1785 854 1846 frustra
881 1785 982 1847 telum
1005 1804 1047 1848 ex
1073 1784 1143 1848 loco
1168 1789 1368 1870 superiores

258 1892 393 1973 mittere,
410 1895 441 1954 et
457 1909 679 1973 quaecumque
694 1910 768 1974 pars
783 1897 960 1954 castrorum
975 1891 1095 1954 nudata
1110 1892 1343 1960 defensoribus

231 1999 361 2080 epremi
383 1997 566 2079 videbatur,
590 2016 626 2060 eo
651 2016 819 2061 occurrere
843 2003 875 2061 et
892 1999 1049 2061 auxilium
1071 1999 1168 2080 ferre,
1191 2002 1253 2064 sed
1278 2002 1342 2066 hoc

259 2105 416 2188 superari,
445 2105 529 2188 quod
554 2105 764 2168 diuturnitate
793 2124 919 2188 pugnae
943 2105 1048 2170 hostes
1072 2105 1188 2170 defessi
1211 2110 1341 2191 proelio

231 2210 470 2294 aexoedebant,
495 2211 550 2273 alii
572 2212 704 2295 integris
724 2211 848 2274 viribus
871 2212 1096 2292 succedebant,
1122 2232 1265 2295 quarum
1290 2237 1342 2281 re-

258 2338 331 2380 rum
359 2337 378 2379 a
403 2319 522 2381 nostris
549 2323 678 2400 propter
704 2319 897 2402 paucitatem
923 2317 993 2382 fieri
1019 2319 1101 2381 nihil
1124 2325 1267 2404 poterat,
1303 2341 1375 2388 acro

258 2443 325 2487 non
352 2423 446 2487 modo
480 2422 602 2487 defesso
636 2443 677 2488 ex
708 2444 817 2507 pugna
845 2423 1036 2507 excedendi,
1068 2424 1124 2489 sed
1151 2444 1194 2489 ne
1224 2432 1340 2494 saucio

260 2531 390 2611 quidem
414 2531 483 2593 eius
506 2529 661 2612 loci,'ubi
684 2532 879 2614 constiterat,
901 2532 1106 2615 relinquendi
1124 2553 1161 2596 ac
1177 2536 1232 2597 sui
1256 2539 1339 2601 reci·

223 2651 241 2705 b
259 2638 368 2720 piendi
390 2637 524 2701 facultas
547 2637 689 2700 dabatur.
737 2638 818 2701 Cum
840 2639 904 2701 iam
927 2639 1062 2722 amplius
1078 2639 1164 2703 horis
1183 2660 1245 2705 sex
1262 2662 1362 2709 con-1

259 2747 398 2808 tinenter
420 2750 618 2828 pugnaretur
645 2763 682 2807 ac
708 2764 776 2808 non
803 2746 908 2824 solum
931 2747 1029 2828 vinee,
1057 2746 1114 2810 sed
1143 2748 1244 2812 etiam
1272 2752 1340 2816 tela

258 2858 385 2916 nostros
409 2851 583 2916 deficerent
606 2856 701 2936 atque
716 2852 824 2917 hostes
845 2854 951 2916 acrius
973 2855 1130 2916 instarent
1150 2855 1339 2939 languidio-

259 2959 412 3042 ribusque
435 2960 553 3023 nostris
576 2959 696 3022 vallum
719 2959 865 3024 scindere
894 2966 925 3023 et
947 2959 1047 3023 fossas
1076 2962 1239 3046 complere
1265 2986 1339 3031 coe-

259 3064 380 3148 pissent
407 3085 523 3148 resque
551 3072 634 3130 esset
660 3068 725 3129 iam
752 3066 793 3129 ad
821 3073 1002 3131 extremmn
1029 3068 1184 3151 perducta
1212 3091 1361 3155 casum,s

232 3173 293 3236 2P.
328 3173 457 3237 Sextius
485 3173 639 3256 Baculus,
672 3174 766 3256 primi
798 3174 854 3257 pili
892 3177 1051 3257 centurio,
1085 3194 1183 3259 quem
1216 3178 1338 3242 Nervi-

260 3300 296 3344 co
328 3281 449 3364 proelio
488 3274 705 3364 compluribus
743 3281 923 3345 confectum
954 3281 1142 3346 vulneribus
1181 3284 1336 3370 diximus,

260 3393 291 3450 et
315 3387 393 3450 item
417 3387 449 3450 O.
472 3387 671 3467 Volusenus,
703 3387 851 3451 tribunus
878 3389 1029 3472 militum,
1062 3389 1111 3452 vir
1142 3395 1175 3453 et
1206 3394 1336 3457 consilii

350 3653 382 3704 11
403 3651 575 3706 huiusmodi
594 3671 612 3704 u
644 3656 653 3720 11
686 3652 720 3705 12
738 3652 843 3706 hisdem
863 3674 880 3705 α
913 3656 921 3722 ll
954 3655 988 3707 14
1006 3654 1056 3708 hoc
1074 3657 1217 3723 seruatofi
1251 3660 1261 3729 ll
1292 3675 1335 3714 ca·

260 3757 320 3794 sum
339 3741 401 3794 add.
420 3741 497 3795 Paul

348 3869 376 3921 4.
397 3869 411 3920 1
432 3867 464 3921 iis
482 3866 553 3934 B²b3
572 3867 613 3919 his
632 3866 678 3933 nl,
697 3885 750 3920 om.
767 3887 784 3918 α
816 3867 825 3936 ll
857 3867 1055 3922 2conlocandis
1068 3870 1149 3937 atque
1163 3871 1215 3925 dcl.
1231 3873 1310 3929 Koch
1327 3872 1335 3947 ll

259 3955 475 4010 administrandis
495 3955 538 4023 uf,
566 3955 785 4023 ministrandisrt
826 3955 834 4022 ll
875 3957 1016 4025 3lapides
1036 3976 1066 4023 ας
1094 3958 1123 4011 in
1141 3961 1227 4029 pedes
1246 3963 1310 4033 Bu
1326 3962 1335 4036 ΙΙ

260 4060 391 4114 gaesaque
408 4053 439 4114 fl}
467 4061 596 4114 caesaque
617 4064 635 4096 a
671 4046 680 4112 11
717 4048 966 4114 bp1·opugnarepl;
993 4064 1179 4116 repugnarent
1221 4053 1231 4118 ΙΙ
1274 4055 1336 4109 6et

260 4150 443 4203 quaecumque
461 4141 490 4201 fl,
510 4135 541 4186 ut
559 4149 680 4202 quaeque
700 4154 717 4184 α

348 4259 376 4313 5.
397 4260 411 4311 1
432 4274 480 4312 sex
498 4257 606 4324 horisfi
637 4257 645 4327 ll
678 4259 816 4313 Snostros
835 4259 1092 4329 Nnetnsgnostus
1105 4261 1138 4316 X
