2806 4778
437 282 545 338 LIBER
562 282 611 336 III.
632 281 709 336 olP.
728 283 810 336 3-7.
1118 266 1158 328 61

89 448 197 530 magni
221 452 253 510 et
275 447 417 528 virtutis,
441 445 480 508 ad
498 445 631 510 Galbam
656 450 827 509 accurrunt
840 432 945 526 'atque
968 463 1069 511 unam
1091 463 1161 507 esse

50 571 76 612 ro
90 573 179 637 spem
206 554 318 617 salutis
347 554 476 634 docent,
503 553 531 616 si
559 553 723 635 eruptione
751 552 833 615 facta
860 558 1042 615 extremum
1069 551 1160 614 auxi·

89 661 169 723 lium
193 661 424 743 experirentur.
469 660 578 742 itaque
605 660 787 724 convocatis
813 658 1056 722 centurionibus
1079 658 1187 722 cele-3

89 769 167 836 riter
189 768 307 830 milites
330 767 481 830 certiores
503 766 591 848 iacit,
619 765 779 849 paulisper
800 766 1048 834 intermitterent
1070 783 1161 848 proe-

90 875 171 937 lium
186 893 223 936 ac
239 878 365 937 tantum
379 874 473 936 modo
489 873 552 938 tela
566 874 664 936 missa
680 873 865 956 exciperent
880 891 979 954 seque
995 891 1037 935 ex
1051 871 1160 936 labore

90 981 271 1063 reficerent,
299 987 370 1063 post
398 980 469 1043 dato
498 980 588 1063 signo
618 998 660 1042 ex
683 981 794 1047 castris
821 984 1039 1062 erumperent,
1065 985 1160 1062 atque

59 1104 76 1156 ,1
92 1105 220 1150 ornnem
242 1107 332 1170 spem
354 1087 464 1171 salutis
486 1088 522 1149 in
536 1088 654 1150 virtute
676 1091 839 1169 ponerent.
879 1085 972 1162 Quod
992 1087 1071 1150 iussi
1086 1091 1197 1154 sunto

91 1194 225 1275 faciunt,
252 1212 289 1257 ac
315 1194 419 1257 subito
449 1193 597 1256 omnibus
625 1194 725 1276 portis
753 1193 922 1276 eruptione
949 1192 1032 1256 facta
1054 1212 1161 1275 neque

93 1301 317 1382 cognoscendi,
350 1301 428 1382 quid
459 1299 562 1383 fieret,
594 1319 710 1383 neque·
733 1300 784 1362 sui
817 1300 989 1382 colligendi
1016 1300 1161 1363 hostibus

90 1408 272 1470 facultatem
293 1408 488 1488 relinquunt.
534 1407 580 1469 ita
596 1410 791 1470 commutata
812 1407 940 1470 fortuna
963 1425 1030 1488 eos,
1054 1408 1111 1490 qui
1126 1408 1188 1470 ina

64 1532 180 1597 aspem
205 1514 434 1597 potiundorum
461 1519 640 1578 castrorum
663 1519 830 1596 venerant,
858 1513 1002 1596 imdique
1025 1515 1161 1578 circum-

90 1625 203 1684 ventos
249 1620 448 1685 interficiunt
491 1626 523 1686 et
565 1640 607 1684 ex
645 1621 812 1684 hominum
854 1620 984 1684 milibus
1027 1622 1162 1705 amplius

89 1727 205 1810 XXX,
229 1747 325 1809 quem
347 1747 520 1792 numerum
535 1727 743 1791 barbarorum
767 1728 807 1790 ad
827 1733 931 1791 castra
946 1729 1070 1791 venisse
1086 1747 1162 1792 con-

90 1833 206 1917 stabat,
233 1835 306 1917 plus
334 1836 426 1898 tertia
448 1839 537 1917 parte
564 1834 731 1897 interfecta
757 1835 897 1917 reliquos
920 1837 1103 1917 perterritos
1126 1835 1162 1898 in

90 1940 199 2023 fugam
223 1942 364 2004 coiciunt
391 1961 428 2004 ac
455 1960 497 2004 ne
525 1942 559 2002 in
586 1941 665 2004 locis
689 1940 820 2023 quidem
846 1941 1063 2024 superioribus
1087 1960 1162 2006 con-

50 2065 77 2106 10
91 2048 202 2111 sistere
233 2049 406 2131 patiuntur.
453 2049 498 2111 sic
531 2047 680 2111 omnibus
711 2046 851 2110 hostium
879 2048 978 2130 copiis
1005 2048 1085 2111 fusis
1113 2067 1189 2111 aar-s

90 2156 215 2238 misque
243 2155 350 2218 exrrtis
378 2173 412 2218 se
440 2155 524 2218 intra
551 2154 746 2216 munitiones
779 2173 854 2217 suas
884 2154 1051 2237 recipiunt.
1098 2175 1161 2238 quo

90 2262 210 2345 proelio
247 2262 344 2344 facto,
382 2262 469 2345 quod
505 2262 631 2344 saepius
669 2262 831 2325 fortunam
869 2265 1024 2344 temptare
1062 2262 1190 2327 Galbae

90 2369 220 2433 nolebat
243 2375 338 2452 atque
362 2369 423 2433 alio
447 2389 481 2434 se
505 2370 540 2433 in
559 2370 694 2434 hiberna
710 2371 843 2434 consilio
859 2372 985 2435 venisse
1007 2371 1162 2434 memine-

90 2482 152 2559 rat,
176 2477 246 2540 aliis
271 2477 446 2541 occurrisse
469 2477 565 2541 rebus
586 2476 721 2560 viderat,
745 2479 886 2540 maxime
909 2477 1061 2541 frumenti
1077 2497 1163 2541 com-

50 2598 77 2639 10
90 2588 278 2664 meatusque
302 2584 411 2667 inopia
433 2591 596 2667 permotus
618 2590 744 2667 postero
766 2585 817 2649 die
834 2585 983 2647 omnibus
1007 2586 1076 2647 eius
1098 2585 1162 2648 vici

92 2689 244 2754 aedificiis
268 2691 407 2754 incensis
431 2692 464 2752 in
488 2692 685 2773 provinciam
705 2692 824 2755 reverti
840 2691 1004 2754 contendit
1019 2711 1055 2754 ac
1071 2691 1188 2754 nullos

91 2796 181 2860 hoste
214 2795 400 2879 prohibente
437 2802 492 2860 aut
527 2799 589 2860 iter
621 2798 804 2861 demorante
831 2797 1027 2860 incolumem
1063 2798 1163 2880 legio-

92 2922 167 2966 nem
190 2904 223 2965 in
239 2882 424 2984 Nantuates,
447 2903 523 2966 inde
545 2906 580 2966 in
595 2903 785 2987 Allobroges
802 2904 954 2987 perduxit
968 2903 1080 2985 ibique
1096 2904 1162 2968 hie-

91 3011 198 3073 mavit.
804 3073 806 3077 ,
961 3033 963 3037 ’

64 3133 76 3172 1
181 3117 243 3181 Η10
266 3117 363 3181 rebus
385 3119 483 3200 gestis
506 3137 581 3181 cum
597 3117 746 3181 omnibus
763 3117 923 3181 decausis
940 3117 1054 3181 Caesar
1070 3137 1161 3201 paca·
1182 3128 1196 3181 7

91 3229 157 3286 tam
181 3223 316 3287 Galliam
339 3225 550 3307 existimaret,
578 3223 746 3308 [superatis
769 3224 892 3307 Belgis,
917 3224 1060 3307 expulsis
1085 3225 1162 3289 Ger·
1192 3306 1195 3311 Α

183 3508 358 3562 9011000001
376 3526 406 3574 ας
425 3511 567 3563 0000111101
584 3515 611 3575 β·
632 3510 641 3578 i
673 3515 839 3575 00000010
869 3509 878 3576 11
912 3509 944 3560 14
959 3509 1100 3562 reficerent
1115 3529 1161 3579 ap,

91 3596 241 3664 reciperent
258 3615 280 3650 π
312 3598 321 3662 ΙΙ
352 3604 402 3664 ep
563 3591 565 3596 ’

182 3721 210 3776 6.
229 3721 307 3774 4Ι10
330 3740 360 3788 c,
387 3721 480 3790 Itaque
503 3721 565 3789 B²fl
606 3724 615 3792 11
656 3725 672 3776 5
696 3722 881 3791 potiundorum
907 3722 950 3790 of3
977 3704 1161 3790 potiendarum

91 3809 155 3877 B²fl
186 3813 195 3879 11
229 3812 259 3863 ll
280 3811 349 3863 intra
368 3811 526 3864 munitiones
540 3818 569 3878 β;
588 3811 615 3864 10
629 3815 715 3865 castra
729 3812 943 3881 munitionesque
960 3831 977 3863 cr
1009 3816 1017 3879 [1
1051 3813 1084 3866 13
1104 3828 1162 3865 0000

91 3885 155 3966 Βῗβ
186 3901 195 3968 ll
229 3898 332 3953 1401110
351 3915 414 3969 sep
446 3901 455 3968 ΙΙ
487 3899 593 3954 uidebat
605 3899 705 3953 Fcere.
738 3901 747 3969 ll
781 3901 822 3954 14.
844 3903 876 3954 15
892 3904 1056 3955 commeatus
1076 3901 1162 3970 inopia

91 3995 109 4055 β
141 3987 150 4056 ΙΙ
184 3987 216 4041 18
236 3988 261 4041 10
280 3989 395 4042 autuatis
413 3987 444 4040 X

184 4115 210 4168 i.
231 4112 255 4166 2.
276 4114 291 4167 3
310 4112 430 4182 expulsis
449 4113 586 4170 Germanis
600 4113 747 4182 detPaol3
767 4115 901 4170 exterritis
915 4113 1082 4184 (perterritis,
1102 4131 1161 4182 per·-

93 4201 187 4270 culsis)
207 4202 345 4256 Germanis
363 4202 479 4270 beclem
499 4203 630 4272 superatis
648 4202 738 4272 Belgis
758 4244 837 4259 .....
857 4203 970 4258 Sedunis
989 4203 1039 4256 del.
1059 4202 1122 4258 HM
