2806 4778
237 311 281 373 44
640 323 747 379 BELLI
766 324 908 379 GALLIOI

239 491 307 550 tum
339 492 394 550 est
446 487 553 550 hostes
589 487 759 570 impeditos
795 490 898 551 nostri
931 489 966 550 in
997 486 1131 551 flumine
1167 488 1325 571 adgressi

210 613 390 676 smagnum
414 612 526 658 eorum
547 613 720 657 numerum
743 595 941 671 occiderunt,
966 614 1023 678 per
1046 613 1156 657 eornm
1178 615 1354 678 corporat

237 701 380 783 reliquos
402 701 614 764 audacissime
630 702 765 764 transire
781 707 933 765 conantes
948 701 1157 764 multitudine
1173 702 1326 767 telorum

239 807 446 891 reppulerunt
460 810 655 892 primosque,
667 810 724 891 qui
740 811 940 888 transierant,
952 811 1098 891 equitatu
1110 810 1325 874 circumven-

209 939 224 980 4
238 921 287 978 tos
303 915 538 979 interfecerunt
574 916 689 996 hostes,
702 915 759 978 nbi
774 922 806 979 et
818 914 857 979 de
870 916 1085 999 expugnando
1099 916 1218 998 oppido
1232 922 1268 981 et
1280 918 1325 981 de

237 1022 371 1086 flumine
394 1023 589 1086 transeundo
610 1041 700 1106 spem
723 1042 757 1087 se
779 1023 929 1087 fefellisse
952 1024 1182 1087 intellexerunt
1205 1043 1324 1108 neque

239 1135 364 1193 nostros
396 1131 431 1192 in
462 1130 569 1193 locum
602 1131 796 1213 iniquiorem
832 1130 982 1213 progredi
1015 1130 1182 1214 pugnandi
1211 1146 1324 1196 'causa
1337 1156 1364 1199 io

238 1237 390 1301 viderunt
428 1242 523 1319 atque
561 1238 648 1320 ipsos
685 1257 737 1300 res
777 1238 985 1301 frumentaria
1023 1236 1158 1300 deficere
1198 1241 1323 1323 eoepit,

239 1344 375 1407 concilio
408 1349 581 1406 convocato
615 1346 851 1408 constituerunt
888 1346 1044 1429 optimum
1076 1363 1145 1408 esse
1179 1344 1323 1410 domum

239 1471 331 1514 suam
355 1470 514 1533 quemque
537 1452 668 1534 reverti,
697 1458 729 1515 et
757 1471 894 1534 quornm
921 1453 957 1514 in
979 1450 1061 1515 fines
1084 1452 1230 1534 primum
1254 1453 1324 1517 Ro-

239 1559 326 1620 mani
349 1559 527 1622 exercitum
550 1558 818 1640 introduxissent,
841 1559 882 1621 ad
905 1578 960 1622 cos
976 1557 1194 1623 defendendos
1220 1560 1323 1624 undi-

241 1684 303 1747 que
327 1666 549 1748 convenirent,
573 1671 610 1728 ut
624 1667 730 1748 potius
754 1667 787 1728 in
804 1667 871 1730 suis
888 1685 984 1748 quam
1007 1668 1042 1728 in
1063 1665 1177 1728 alienis
1191 1665 1323 1732 finibus
1337 1690 1362 1733 15

240 1771 439 1836 decertarent
453 1778 485 1836 et
501 1773 683 1837 domesticis
700 1774 800 1855 copiis
816 1774 863 1836 rei
885 1772 1111 1836 frumentariae
1135 1778 1323 1838 uterentur.

212 1879 279 1942 aad
303 1899 373 1945 eam
397 1881 588 1943 sententiam
612 1899 686 1942 cum
709 1880 842 1962 reliquis
858 1881 963 1943 causis
983 1880 1062 1943 haec
1087 1898 1218 1962 quoque
1236 1885 1323 1947 ratio

240 2005 295 2051 eos
311 1987 458 2068 deduxit,
482 1986 568 2069 quod
584 1985 786 2050 Diviciacum
811 1993 906 2069 atque
926 1986 1080 2050 Haeduos
1103 1984 1226 2051 finibus
1244 1989 1325 2054 Bel-

239 2094 425 2157 lovacorum
449 2093 704 2176 adpropinquare
729 2100 951 2176 cognoverant.
980 2093 1031 2156 his
1054 2093 1262 2177 persuaderi,
1286 2103 1325 2162 ut

241 2201 362 2263 diutius
373 2204 576 2264 morarentur
588 2220 692 2282 neque
705 2202 772 2263 suis
789 2201 946 2264 auxilium
961 2200 1087 2282 ferrent,
1101 2218 1169 2263 non
1181 2207 1324 2283 poterat
1338 2224 1363 2267 ao

187 2321 220 2373 11
240 2306 288 2369 Ea
310 2327 345 2371 re
369 2309 541 2370 constituta
564 2306 704 2370 secunda
725 2306 836 2390 vigilia
858 2327 974 2390 magno
1008 2327 1083 2370 oum
1114 2310 1255 2390 strepitu
1286 2331 1350 2375 aer

241 2414 384 2477 tumultu
406 2416 518 2477 castris
541 2416 660 2496 egressi
684 2414 772 2477 nullo
797 2420 883 2478 certo
905 2414 1016 2478 ordine
1040 2433 1147 2495 neque
1170 2415 1325 2499 imperia,

242 2540 316 2583 oum
340 2520 401 2584 sibi
417 2522 553 2602 quisque
568 2522 707 2605 primum
731 2523 855 2586 itineris
874 2521 982 2584 locum
997 2525 1119 2605 peteret
1134 2525 1165 2582 et
1181 2521 1324 2589 domum

240 2628 407 2709 pervenire
435 2633 632 2712 properaret,
664 2628 821 2709 fecerunt,
854 2634 889 2691 ut
917 2628 1092 2691 oonsimilis
1118 2626 1215 2710 fugae
1246 2651 1324 2714 pro·

214 2735 334 2798 afeotio
361 2735 531 2798 videretur.
580 2735 639 2799 hac
667 2755 701 2799 re
731 2737 836 2799 statim
866 2734 981 2799 Caesar
1012 2753 1068 2817 per
1100 2736 1350 2817 speculatoress

242 2844 369 2925 cognita
391 2842 524 2906 insidias
547 2845 682 2925 veritus,
715 2844 802 2925 quod
837 2863 902 2926 qua
929 2843 969 2906 de
993 2861 1090 2905 causa
1113 2842 1325 2909 discederent

241 2951 385 3014 nondum
408 2956 626 3033 perspexerat,
649 2953 825 3014 exercitum
841 2951 1084 3031 equitatumque
1104 2950 1217 3012 castris
1243 2971 1323 3015 oon-

213 3059 345 3121 stinuit.
391 3059 493 3141 prima
514 3058 587 3122 lnce
604 3057 841 3121 confirmatore
857 3057 896 3121 ab
914 3056 1169 3139 exploratoribus
1187 3075 1323 3123 omnem

242 3167 433 3248 equitatum,
471 3167 528 3247 qui
560 3167 770 3229 novissimum
807 3184 922 3248 agmen
954 3170 1145 3246 moraretur,
1178 3168 1323 3246 praemi-

242 3274 290 3335 sit.
336 3273 387 3335 his
416 3272 451 3348 Q.
474 3271 612 3336 Pedium
640 3279 672 3336 et
698 3271 732 3336 L.
760 3271 1019 3335 Aurunculeium
1048 3269 1170 3333 Cottam
1193 3271 1322 3356 legatos
1336 3291 1360 3333 ro

242 3380 406 3462 praefecit3
439 3378 471 3441 T.
499 3377 678 3443 Labienum
714 3379 855 3461 legatum
888 3398 962 3442 cum
999 3378 1179 3461 legionibus
1213 3381 1322 3445 tribus

215 3485 397 3568 asubsequi
434 3487 536 3549 iussit.
583 3486 617 3549 hi
653 3487 846 3550 novissimos
885 3486 988 3548 adorti
1026 3492 1058 3549 et
1092 3485 1196 3547 multa
1227 3488 1323 3551 milia

243 3612 396 3675 passuum
422 3595 583 3676 prosecuti
610 3613 761 3676 magnam
788 3592 1028 3656 multitudinem
1056 3612 1167 3656 eorum
1190 3591 1322 3676 fugien-

242 3701 322 3763 tium
348 3701 569 3781 conciderunt,
593 3721 667 3762 oum
690 3701 729 3762 ab
754 3705 897 3763 extremo
922 3700 1061 3783 agmine,
1085 3698 1125 3760 ad
1141 3717 1225 3779 quos
1240 3720 1321 3764 ven·

333 3894 520 3963 iprimosque
538 3901 566 3961 β;
585 3894 684 3962 primos
704 3913 721 3945 u
753 3895 761 3958 ΙΙ
794 3893 921 3947 tlsesen
953 3894 961 3960 ll
995 3894 1028 3946 12
1041 3891 1150 3947 concilio
1163 3891 1234 3962 EF,
1255 3911 1321 3950 con·

244 3984 302 4038 silio
320 3984 351 4038 X
381 3985 389 4053 ll
423 3984 464 4036 14.
486 3983 665 4052 reunquep
698 3984 706 4052 ll
740 3985 773 4036 15
793 3983 933 4036 conuenire
948 3983 1038 4050 Stepb.
1071 3983 1080 4050 lt
1113 3980 1146 4034 18
1160 3981 1322 4039 dirutiaoum

244 4090 348 4143 quoque
367 4073 429 4140 B²p

333 4166 378 4218 11.
400 4164 433 4217 10
451 4162 493 4215 his
513 4180 543 4229 ας
571 4162 648 4230 eique
670 4162 732 4230 B²fi
773 4162 782 4231 ll
823 4160 927 4226 ΟΜ.
951 4160 1051 4230 n¹(s¹?)
1093 4159 1102 4228 ΙΙ
1143 4159 1174 4214 L.
1193 4162 1322 4237 emnil

245 4256 276 4307 11
297 4253 324 4306 Τ.
344 4260 433 4320 οηι.β
