2806 4778
496 328 603 382 LIBER
620 328 681 382 VII.
702 327 778 382 CAP.
800 328 880 381 1-4.
1157 315 1218 376 161

122 496 261 560 istituto
285 514 303 556 a
326 494 460 556 concilio
485 491 668 555 disceditur.
714 490 780 554 Ubi
805 509 842 553 ea
857 490 925 553 dies
940 492 1041 572 venit,
1066 490 1257 559 Carnutes3

152 601 285 664 Cotuato
309 606 341 664 et
365 599 690 663 Conconnetodumno
715 598 864 679 ducibus,
888 597 1060 680 desperatis
1084 600 1221 662 homini-

151 709 225 790 bus,
254 706 419 770 Cenabum
442 708 532 790 signo
558 707 629 769 dato
654 710 852 768 concurrunt
879 706 1029 786 civesque
1052 705 1221 788 Romanae,

153 817 209 895 qui
236 814 424 896 negotiandi
452 833 548 877 causa
574 813 619 875 ibi
648 813 867 893 constiterant,
896 812 930 874 in
958 813 1008 876 uis
1037 812 1069 876 C.
1093 812 1221 876 Fufium

124 945 138 986 a
153 921 269 1004 Citam,
293 921 464 984 honestum
478 922 618 1003 equitem
635 921 829 1002 Romanum,
854 920 910 1001 qui
933 920 981 983 rei
995 918 1221 984 frumentariae

150 1030 242 1090 iussu
266 1027 410 1091 Caesaris
433 1032 589 1110 praeerat,
615 1025 811 1089 interficiunt
834 1026 981 1108 bonaque
1006 1046 1117 1090 eorum
1146 1027 1221 1090 diri-

151 1136 253 1217 piunt.
301 1128 444 1199 celeriter
467 1135 507 1196 ad
531 1153 641 1197 omnes
658 1133 780 1197 Calliae
800 1135 941 1197 civitates
957 1134 1042 1196 fama
1056 1135 1220 1217 perfertur.
1236 1164 1248 1205 2

152 1261 227 1304 nam
251 1241 307 1304 ubi
328 1260 409 1323 quae
434 1243 535 1303 maior
559 1245 653 1322 atque
677 1240 841 1303 inlustrior
860 1240 973 1302 incidit
995 1260 1059 1323 res,
1084 1241 1221 1305 clamore

151 1368 210 1432 per
232 1367 324 1431 agros
346 1349 556 1430 regionesque
580 1346 774 1429 significant,
804 1347 890 1409 hunc
913 1347 967 1409 alii
990 1347 1138 1431 deinceps
1166 1368 1222 1413 ex-

112 1475 139 1517 ιο
153 1457 277 1538 cipiunt
304 1460 335 1518 et
361 1456 517 1538 proximis
540 1453 681 1536 tradunt,
709 1458 746 1516 ut
773 1459 841 1516 tum
868 1454 990 1517 accidit.
1038 1475 1113 1517 nam
1141 1475 1249 1536 quaeq

154 1561 274 1626 Cenabi
299 1563 419 1626 oriente
443 1561 509 1624 sole
532 1566 622 1644 gesta
645 1565 762 1643 essent,
792 1565 864 1624 ante
887 1563 1023 1643 primam
1047 1561 1221 1626 confectam
1335 1543 1338 1550 ⁵

153 1669 296 1751 vigiliam
324 1670 358 1731 in
385 1668 505 1731 finibus
533 1668 752 1731 Arvernorum
780 1668 888 1730 audita
919 1674 1005 1750 sunt,
1039 1670 1125 1750 quod
1153 1689 1223 1752 spa·

126 1776 235 1838 rtium
264 1780 312 1838 est
338 1775 463 1837 milium
491 1794 645 1857 passuum
672 1775 799 1838 circiter
826 1772 918 1837 CLX.
970 1773 1073 1837 Simili
1100 1777 1258 1851 rationes,

153 1882 201 1944 ibi
218 1882 477 1965 Vercingetorix,
503 1880 619 1946 Celtilli
634 1880 734 1962 filius,
758 1883 936 1963 Arvernus,
953 1901 1096 1944 summae
1112 1889 1222 1964 poten-

153 1990 217 2052 tiae
250 1989 451 2072 adulescens,
484 1990 577 2052 cuius
609 1993 698 2070 pater
729 1988 942 2071 principatum
975 1989 1071 2051 totius
1104 1989 1223 2052 Calliae

155 2095 335 2159 obtinuerat
358 2102 389 2160 et
413 2096 452 2160 ob
476 2116 547 2160 eam
571 2115 711 2176 causam,
736 2094 821 2176 quod
844 2113 980 2178 regnum
1003 2095 1181 2178 adpetebat,
1205 2116 1224 2158 a

126 2204 282 2266 scivitate
312 2210 379 2266 erat
406 2204 602 2285 interfectus,
631 2203 813 2266 convocatis
841 2203 908 2265 suis
936 2202 1106 2265 clientibus
1133 2202 1223 2266 facile

155 2311 306 2374 incendit.
354 2311 479 2392 cognito
504 2298 573 2374 eius
594 2310 727 2372 consilio
744 2310 784 2372 ad
800 2329 887 2371 amra
904 2310 1112 2372 concurritur.
1151 2330 1251 2392 pro-2

154 2418 285 2480 hibetur
308 2438 326 2478 a
349 2417 596 2499 Gobannitione,
619 2423 731 2500 patruo
756 2436 828 2498 su0,
851 2416 1050 2498 reliquisque
1073 2418 1224 2500 principi-

155 2525 229 2607 bus,
264 2525 320 2605 qui
347 2525 430 2587 hanc
458 2524 673 2606 temptandam
699 2523 860 2586 fortunam
892 2542 956 2586 uon
983 2525 1222 2604 existimabant,

156 2631 330 2714 expellitur
352 2651 394 2695 ex
418 2632 532 2714 oppido
557 2630 728 2714 Gergovia,
758 2650 822 2693 non
847 2630 973 2694 desistit
999 2636 1104 2694 tamen
1129 2637 1251 2712 atquae

114 2740 190 2801 rain
223 2739 307 2820 agris
340 2738 434 2802 habet
466 2739 616 2801 dilectum
650 2739 813 2820 egentirun
845 2756 881 2799 ac
913 2737 1118 2819 perditorum.
1166 2738 1224 2801 hac

154 2850 264 2908 coacta
286 2865 385 2908 manu
409 2864 627 2927 quoscumque
657 2845 722 2907 adit
749 2862 790 2906 ex
813 2845 941 2906 civitate
971 2843 1011 2906 ad
1035 2863 1126 2907 suam
1153 2863 1224 2906 sen-

155 2954 288 3017 tentiam
311 2953 470 3035 perducit,
500 2953 652 3033 hortatur,
680 2956 716 3013 ut
739 2951 917 3012 eommunis
944 2949 1101 3013 libertatis
1129 2969 1252 3018 causat

155 3079 244 3122 arma
267 3061 404 3142 capiant,
427 3060 617 3141 magnisque
645 3059 761 3121 coactis
786 3058 884 3140 copiis
913 3056 1111 3120 adversarios
1141 3076 1224 3139 suos

156 3187 175 3228 a
199 3166 316 3248 quibus
339 3167 434 3249 paulo
459 3171 531 3228 ante
555 3172 621 3229 erat
637 3166 768 3247 eiectus,
793 3164 924 3246 expellit
940 3183 982 3226 ex
998 3164 1134 3227 civitate.
1167 3183 1252 3232 rexf,

113 3292 140 3333 15
157 3273 196 3336 ab
225 3274 293 3336 suis
326 3273 508 3356 appellatur.
564 3273 693 3335 dimittit
727 3291 854 3354 quoque
889 3289 1002 3334 versus
1034 3271 1223 3354 legationes,

248 3504 282 3558 lC
301 3521 316 3556 a
335 3504 373 3555 ed.
393 3504 408 3555 1
415 3521 421 3568 ;
440 3502 473 3555 ab
491 3502 521 3554 X
551 3504 559 3571 11
591 3502 700 3556 consilio
718 3509 735 3569 β

247 3611 283 3666 3.,
294 3610 310 3663 2
323 3611 587 3664 conconnetodumno
599 3609 659 3661 ΒΜ
661 3628 666 3676 ;
687 3610 929 3663 conconetodumno
938 3608 993 3677 2S3
1007 3609 1171 3662 conetodfino
1183 3615 1200 3675 β
1218 3609 1226 3680 11

157 3701 173 3754 3
194 3699 329 3754 Cenabum
348 3699 475 3766 Vossius,
495 3699 616 3767 genabim
630 3717 660 3765 u,
681 3698 822 3767 genabinp
849 3699 857 3766 11
885 3697 951 3750 tiis
966 3698 1003 3750 ab
1034 3697 1042 3765 ll
1076 3697 1103 3750 C.
1118 3715 1199 3767 cutte
1219 3698 1226 3769 11

157 3789 298 3857 boitanp
331 3789 339 3856 11
376 3788 572 3856 frumentariae]
593 3803 672 3840 causa
691 3787 788 3853 cndu
820 3786 828 3855 11
864 3786 946 3840 Subi
965 3803 1032 3854 quac
1054 3786 1148 3853 Solam,
1168 3788 1226 3840 ubi-

157 3894 209 3946 que
227 3877 266 3944 X;
290 3877 335 3931 ubi
355 3877 395 3931 Su
435 3879 444 3947 11
484 3877 598 3930 9Hunc
618 3876 650 3943 S,
670 3877 746 3929 Hanc
765 3895 795 3943 c3
819 3876 924 3942 Hincp
964 3876 972 3943 11
1016 3876 1049 3931 10
1068 3892 1128 3929 nam
1150 3877 1226 3944 quac]

157 3967 281 4035 Namque
300 3966 391 4033 AM⁸p
422 3967 430 4035 11
464 3969 494 4019 11
515 3966 607 4034 genabi
626 3966 657 4018 X
686 3968 694 4034 11
727 3967 760 4018 13
779 3981 906 4033 passuum
926 3971 1014 4031 onap

247 4077 275 4128 4.
295 4075 311 4127 3
330 4074 424 4142 galliae
442 4074 524 4126 totius
544 4094 561 4125 c
593 4075 602 4141 11
633 4073 701 4125 lab
722 4091 739 4122 a
771 4075 780 4137 11
812 4075 836 4126 5.
857 4073 872 4126 6
892 4071 1138 4137 facereintenditp
1170 4073 1178 4141 11
1211 4073 1226 4124 7

158 4165 191 4218 ab
211 4184 228 4216 a
264 4166 273 4230 11
309 4163 534 4233 gobannitilnlop
574 4165 582 4231 11
624 4162 783 4230 9gergobia
802 4181 819 4212 u
856 4163 864 4228 1
901 4160 1001 4214 destitit
1020 4159 1056 4227 us
1085 4163 1093 4229 11
1132 4163 1172 4215 10.
1195 4164 1225 4214 ll

158 4256 198 4307 Aa
216 4257 306 4307 coacta
325 4252 361 4319 as
387 4253 396 4321 11
430 4254 463 4306 15
482 4269 587 4320 quoquo
606 4267 700 4303 uersus
721 4250 804 4317 811111

204 4358 282 4402 Caesar
295 4359 312 4402 1.
329 4359 362 4402 ed.
378 4359 468 4400 lIcusel.
1034 4358 1064 4408 11
