2806 4778
235 278 276 338 18
635 292 739 346 BELLI
759 292 901 346 GALLICI

233 454 329 516 titant
351 466 383 515 et
405 455 466 537 ipsi
490 468 618 538 propter
640 457 907 538 propinquitatem
931 455 1043 539 [quod]
1073 455 1205 519 Gallicis
1227 470 1303 519 sunt
1319 481 1347 521 ro

204 562 377 624 amoribus
404 560 586 625 adsuefacti.
637 563 695 625 hos
722 583 798 625 cum
825 561 923 626 Suebi
951 563 1061 626 multis
1086 583 1181 646 saepe
1209 564 1303 626 bellis

231 669 355 751 experti
380 681 509 752 propter
530 668 772 751 amplitudinem
795 671 1046 752 gravitatemque
1069 670 1208 732 civitatis
1229 669 1303 732 fini·

233 775 293 839 bus
316 775 477 858 expellere
501 795 566 838 non
589 778 780 858 potuissent,
802 788 908 839 tamen
937 776 1108 859 vectigales
1130 776 1192 839 sibi
1218 778 1303 841 fece

232 892 308 947 runt
331 903 368 946 ac
391 882 492 946 multo
515 882 702 945 humiliores
723 883 980 964 infirmioresque
1003 883 1203 966 redegerunt.

194 1004 211 1056 t
320 990 360 1053 In
383 991 495 1054 eadem
517 1010 615 1053 causa
641 990 772 1053 fuerunt
801 988 948 1073 Usipetes
974 1000 1008 1053 et
1033 991 1194 1071 Tencteri,
1222 1011 1329 1074 quosr

231 1118 327 1180 supra
349 1097 506 1175 diximns3
531 1099 588 1177 qni
611 1097 791 1180 complures
810 1116 911 1159 annos
927 1096 1107 1160 Sueborum
1123 1099 1189 1160 rim
1206 1100 1302 1161 susti-

203 1213 383 1283 2nuerunt,
416 1204 457 1267 ad
491 1210 669 1267 extremum
703 1210 810 1266 tamen
845 1205 930 1287 aguis
962 1205 1089 1287 expulsi
1125 1210 1157 1267 et
1192 1205 1302 1268 multis

231 1311 309 1374 locis
337 1309 527 1375 Germaniae
554 1311 731 1373 triennium
763 1312 868 1392 vagati
899 1311 941 1373 ad
972 1311 1120 1374 Rhenum
1147 1332 1302 1394 perrene-

231 1426 318 1499 mnt,
342 1438 422 1500 quas
445 1419 592 1501 regiones
614 1417 756 1500 lienapii
780 1418 970 1481 incolebant
1016 1419 1049 1481 hi
1072 1419 1113 1481 ad
1132 1430 1331 1502 utramquea

202 1527 331 1609 eripam
362 1523 505 1588 fluminis
537 1544 642 1608 agros,
674 1524 820 1587 aedificia
851 1526 1004 1607 vicosque
1037 1525 1211 1604 habebant3
1244 1528 1302 1589 sed

230 1640 336 1696 tantae
368 1632 584 1695 multitudinis
616 1632 755 1695 adventu
787 1634 948 1713 perteniti
983 1652 1026 1696 ex
1062 1633 1102 1696 iis
1138 1632 1302 1715 aedificiis,

231 1759 313 1821 qnae
336 1749 424 1804 trans
446 1739 569 1802 tliunen
592 1738 782 1818 habuerant,
811 1739 1067 1822 demigraverant
1093 1746 1126 1803 et
1148 1741 1195 1803 cis
1217 1740 1302 1804 Rhe-

230 1867 309 1910 num
332 1846 492 1930 dispositis
520 1847 686 1929 praesidiis
715 1845 890 1909 Germanos
918 1847 1053 1909 transire
1080 1846 1300 1929 prohibebant.

201 1954 278 2017 11111
310 1955 417 2017 omnia
452 1955 589 2037 experti,
627 1973 703 2016 cum
735 1972 842 2034 neque
879 1955 913 2016 ri
944 1953 1137 2017 contendere
1171 1961 1302 2037 propter
1315 1975 1343 2016 ro

230 2062 370 2144 inopiam
402 2062 534 2123 navium
567 2079 675 2142 neque
707 2061 790 2123 clam
822 2061 957 2123 transire
983 2067 1112 2143 propter
1139 2060 1301 2124 custodias

230 2166 450 2251 Menapiorum
478 2173 621 2250 possent,
648 2168 765 2230 reverti
793 2186 827 2231 se
854 2170 888 2229 in
915 2186 990 2230 snas
1017 2168 1109 2231 sedes
1136 2168 1301 2251 regiones-

201 2293 292 2357 equc
316 2274 549 2337 simulaverunt
576 2282 608 2336 et
630 2274 728 2336 tridui
755 2275 840 2337 viam
867 2276 1026 2357 progressi
1054 2294 1165 2337 rursus
1193 2294 1300 2339 rever-

229 2386 337 2445 terunt
363 2386 459 2462 atquo
487 2381 576 2443 omni
603 2381 663 2444 hoe
690 2382 804 2445 itinero
836 2401 901 2444 una
928 2388 1022 2445 nocte
1051 2384 1195 2463 equitatu
1224 2401 1300 2446 con-

201 2488 311 2551 efocto
341 2488 459 2550 inscios
487 2489 753 2570 inopinantesque
781 2488 946 2570 Menapios
975 2496 1214 2571 oppresserunt,
1244 2492 1299 2571 qui
1314 2509 1340 2550 15

230 2594 269 2658 do
294 2596 526 2658 Germanorum
550 2594 692 2658 discessu
720 2614 778 2678 per
801 2595 1017 2678 exploratores
1045 2595 1197 2658 certiores
1225 2596 1300 2660 facti

230 2702 299 2764 sine
331 2708 418 2765 metu
452 2706 539 2765 trans
565 2702 715 2765 Rhenum
746 2703 783 2765 in
810 2721 886 2765 suos
919 2703 1006 2765 vicos
1038 2703 1299 2785 remigrarerant.

203 2808 279 2871 this
307 2808 483 2872 interfectis
516 2809 716 2891 navibusque
745 2828 853 2872 eorum
884 2810 1057 2892 occupatis,
1083 2810 1172 2891 prius
1201 2829 1299 2891 quam

228 2933 265 2978 ea
297 2934 370 2999 pars
397 2915 634 2999 Menapiorum,
667 2937 749 2999 quae
782 2918 861 2979 citra
888 2916 1038 2979 Rhenum
1070 2922 1149 2996 erat,
1182 2918 1300 2979 certior

228 3022 330 3104 ficret,
363 3022 486 3086 tlumcn
519 3023 716 3086 transierunt
748 3029 842 3105 atque
874 3023 1022 3086 omnibus
1051 3041 1169 3085 eorum·
1190 3023 1299 3086 aedifi·
1313 3041 1340 3082 ao

228 3130 287 3193 ciis
321 3131 482 3212 occupatis
514 3129 670 3212 reliquam
697 3137 819 3213 partem
850 3131 964 3192 hiemis
997 3149 1031 3192 se
1058 3147 1169 3192 eorum
1197 3132 1299 3213 copiis

228 3237 384 3301 aluerunt.

192 3352 209 3405 t»
318 3343 377 3407 His
407 3345 445 3409 ilo
476 3345 570 3409 rebus
599 3343 714 3409 Caesar
742 3346 858 3409 certior
885 3344 987 3407 factus
1019 3350 1051 3407 et
1078 3343 1326 3407 infirmitatemr

228 3454 237 3511 t
243 3451 392 3514 tullerunt
409 3454 544 3534 veritus,
569 3453 654 3535 quod
671 3456 746 3514 sunt
769 3454 803 3513 in
819 3451 960 3514 consiliis
976 3450 1138 3533 capiendis
1160 3451 1297 3515 mobiles

319 3682 351 3736 10
370 3681 441 3749 quod
459 3681 508 3734 del.
534 3680 611 3733 Vosc.
649 3679 657 3752 ll
697 3682 726 3732 11
748 3681 823 3734 suebi
845 3699 873 3751 93
898 3679 973 3733 sueni
994 3699 1035 3731 arr
1072 3679 1080 3750 ll
1118 3682 1151 3732 14
1174 3681 1298 3734 reddide-

226 3773 288 3824 runt
306 3769 468 3823 *HJMuuer

314 3863 342 3915 4.
364 3862 376 3911 1
398 3859 525 3913 tencthori
534 3877 566 3928 23
586 3859 714 3912 tenchteri
728 3877 760 3928 ‹p3
779 3859 903 3926 tetherifi
938 3857 946 3929 Η
984 3858 1162 3927 ‘Zcomplurcs
1180 3866 1209 3925 rb
1234 3876 1296 3912 cum

227 3949 316 4018 plures
336 3969 353 4000 u
389 3948 397 4019 ll
434 3948 575 4002 sueborum
599 3948 620 4014 l3
650 3964 793 4001 suenorum
811 3948 842 4001 X
876 3948 884 4019 l
920 3948 991 4002 effi
1012 3955 1041 4015 th
1065 3951 1091 4001 et
1114 3967 1130 3999 α
1168 3947 1176 4018 ll
1214 3950 1298 4003 lad-

226 4044 309 4091 uontu
327 4046 356 4106 [ἡ
375 4037 447 4092 aditu
468 4058 485 4088 u
522 4035 529 4107 {l
566 4036 598 4089 iis
624 4036 716 4104 Vose.;
739 4037 781 4090 his
800 4038 830 4091 X
864 4035 872 4107 ll
908 4037 1162 4105 8demigrauerant
1184 4037 1297 4103 Morum

227 4128 441 4197 demigrttuerunt
459 4127 489 4180 X
522 4126 530 4198 Η
569 4128 601 4179 17
621 4127 867 4195 1·11111ς1·111ιθ111111β
903 4125 911 4196 Η
949 4127 981 4179 19
1002 4129 1058 4180 erat
1078 4145 1108 4193 a3
1128 4126 1174 4194 qui
1193 4126 1220 4179 in
1239 4127 1299 4181 suis

226 4217 332 4269 sedibus
351 4218 449 4285 e1·a(n)t
466 4224 483 4283 β
