2806 4778
460 311 567 364 LIBER
585 311 618 362 V.
639 310 714 365 CAP.
736 311 856 364 23-27.
1130 299 1191 359 113

123 473 241 538 Caesar
268 493 324 558 pro
353 474 423 538 eius
450 475 567 536 virtute
595 477 690 555 atque
719 475 753 535 in
780 492 813 536 se
842 473 1078 555 benevolentia,
1107 475 1193 556 quod

122 583 157 645 in
185 581 334 645 omnibus
357 580 450 644 bellis
473 579 628 662 singulari
651 581 719 643 eius
744 599 840 662 opera
861 581 965 644 fuerat
979 600 1070 665 usus,
1095 584 1194 645 maio-

92 712 108 754 a
122 708 196 751 rum
218 688 326 751 locum
348 689 537 751 restituerat.
586 687 713 750 tertium
738 688 801 748 iam
817 687 904 750 hunc
920 707 1042 750 annum
1057 708 1220 772 regnan-a

123 800 189 859 tem
211 795 335 858 inimici
358 794 464 877 palam
486 793 595 856 multis
619 812 660 856 ex
677 794 803 857 civitate
820 793 1003 857 auctoribus
1027 795 1193 859 interfece-

122 908 208 965 runt.
254 902 394 965 defertur
421 920 459 964 ea
484 919 536 964 res
564 901 604 963 ad
633 899 807 964 Caesarem.
857 900 912 964 ille
945 902 1079 979 veritus,
1108 903 1221 982 quoda

122 1009 164 1072 ad
187 1009 295 1092 plures
318 1008 510 1090 pertinebat,
533 1025 575 1069 ne
598 1008 710 1070 civitas
736 1026 848 1070 eorum
871 1008 1012 1089 impulsu
1037 1008 1193 1091 deficeret,

122 1114 156 1179 L.
181 1115 337 1179 Plancum
360 1135 435 1177 oum
458 1115 584 1196 legione
608 1133 650 1176 ex
673 1113 783 1196 Belgio
808 1115 953 1178 celeriter
980 1115 1015 1176 in
1039 1112 1193 1179 Carnutes

79 1244 110 1288 ιο
123 1221 281 1305 proficisci
304 1221 393 1285 iubet
415 1222 525 1302 ibique
549 1221 702 1303 hiemare,
728 1240 928 1304 quorumque
958 1240 1053 1304 opera
1076 1242 1194 1305 cogno-

124 1329 208 1392 verit
229 1328 410 1411 Tasgetium
433 1328 649 1409 interfectum,
672 1329 730 1391 hos
746 1329 992 1411 comprehensos
1007 1330 1047 1392 ad
1071 1348 1104 1392 se
1120 1331 1194 1392 mit-

123 1441 199 1499 tere.
239 1436 368 1499 interim
384 1434 422 1497 ab
440 1435 589 1498 omnibus
606 1433 728 1518 [legatis
745 1435 1057 1518 quaestoribusquel,
1078 1435 1221 1516 quibust

122 1543 268 1626 legiones
291 1542 477 1622 tradiderat,
505 1543 621 1605 certior
643 1541 744 1605 faetus
768 1547 815 1606 est
843 1544 877 1604 in
900 1542 1034 1606 hiberna
1061 1562 1194 1625 perven-

123 1655 193 1712 tum
216 1650 387 1730 locumque
410 1649 552 1712 hibernis
576 1667 644 1712 esse
667 1650 835 1711 munitum.

97 1780 109 1820 1
214 1755 338 1820 Diebus
361 1756 486 1819 circiter
508 1755 581 1838 XV,
611 1756 727 1837 quibus
754 1757 789 1818 in
818 1755 951 1819 hiberna
978 1762 1111 1819 ventum
1137 1761 1193 1838 est,
1212 1773 1249 1827 26

123 1864 253 1927 initium
286 1864 447 1946 repentini
481 1862 636 1925 tumultus
665 1881 701 1924 ac
730 1862 916 1926 defectionis
945 1868 1050 1926 ortum
1078 1869 1127 1927 est
1154 1865 1192 1926 ab

122 1970 311 2052 Ambiorige
336 1974 367 2033 et
391 1967 575 2048 Catuvol003
602 1971 755 2050 quicum
779 1969 819 2032 ad
840 1969 922 2033 fines
950 1971 1040 2052 regui
1064 1972 1115 2032 sui
1138 1969 1220 2034 Sar

124 2077 202 2140 bino
227 2074 400 2158 Cottaeque
423 2081 548 2158 praesto
571 2075 708 2140 fuissent
721 2076 981 2158 frumentumque
1004 2078 1039 2140 in
1060 2077 1193 2141 hiberna

94 2184 422 2265 scomportavissent,
445 2183 658 2245 Indutiomari
679 2183 809 2246 Treveri
831 2185 954 2247 nuntiis
974 2186 1104 2268 impulsi
1119 2205 1194 2249 sues

125 2290 369 2353 concitaverunt
384 2289 554 2372 subitoque
567 2291 725 2372 oppressis
741 2290 951 2373 lignatoribus
966 2312 1082 2374 magna
1096 2313 1194 2356 manu

125 2398 167 2460 ad
200 2401 302 2459 castra
336 2397 549 2480 oppugnanda
586 2402 751 2459 venerunt.
803 2417 877 2460 curn
912 2398 1058 2463 celeriter
1094 2403 1221 2464 nostrie

125 2523 215 2566 arma
237 2504 396 2586 cepissent
417 2504 601 2586 vallumque
618 2504 835 2568 ascendissent
858 2510 953 2587 atque
970 2526 1034 2569 una
1050 2513 1194 2590 exparte

125 2609 280 2693 Hispanis
317 2609 480 2693 equitibus
517 2611 641 2674 emissis
679 2613 820 2692 equestri
856 2613 976 2695 proelio
1015 2616 1194 2696 superiores

82 2738 110 2781 10
124 2718 272 2800 fuissent,
297 2718 461 2800 desperata
489 2736 522 2780 re
546 2719 651 2781 hostes
675 2737 749 2781 suos
774 2719 812 2781 ab
837 2722 1072 2803 oppugnatione
1100 2721 1195 2784 redu-

125 2829 254 2888 xerunt.
301 2828 369 2887 tum
404 2843 462 2887 suo
494 2845 582 2888 more
616 2825 909 2907 conclamaverunt,
942 2828 989 2889 uti
1018 2827 1120 2908 aliqui
1153 2844 1222 2891 exr

125 2932 243 2994 nostris
267 2932 308 2994 ad
331 2931 538 3013 conloquium
560 2932 714 3015 prodiret:
739 2932 856 2996 habere
880 2952 962 3015 sese,
992 2952 1073 3015 quae
1098 2934 1136 2997 de
1161 2954 1194 2998 re

126 3040 288 3102 communi
312 3032 417 3102 dicere
440 3039 569 3120 vellent,
594 3038 710 3120 quibus
733 3038 828 3100 rebus
845 3041 1075 3103 controversias
1091 3042 1195 3103 minui

42 3205 51 3219 ,
98 3164 218 3228 rposse
251 3151 422 3228 sperarent.
474 3145 610 3209 Mittitur
642 3146 681 3209 ad
710 3163 763 3208 eos
792 3145 1006 3226 conloquendi
1039 3167 1134 3210 causa
1163 3146 1194 3209 C.
1213 3155 1248 3210 ⁸27

217 3342 233 3394 b'
252 3339 351 3393 inimici
368 3345 396 3406 β;
415 3338 528 3392 inimicis
548 3340 601 3392 iarn
621 3359 638 3390 a
661 3340 669 3407 ΗΗ
693 3338 778 3407 palam
793 3338 883 3391 multis
896 3345 924 3406 fl3
944 3339 1035 3393 multis
1048 3341 1136 3408 palam
1150 3360 1168 3392 a
1186 3341 1194 3413 ΗΗ

125 3428 278 3482 auctoribus
296 3434 325 3495 β;
345 3430 372 3481 et
390 3428 421 3480 ils
441 3429 592 3482 auctoribus
612 3445 672 3482 eum
693 3448 709 3479 a
742 3429 750 3497 ΗΗ
782 3428 918 3482 9lucium
938 3448 968 3495 a3
987 3437 1076 3496 obad
1101 3432 1110 3499 ΗΗ
1138 3447 1195 3484 car·-

127 3519 203 3571 notas
222 3536 243 3569 n
284 3518 293 3583 Η
335 3518 428 3572 10.11
450 3520 646 3588 cognouerat«
687 3519 695 3586 ΗΗ
738 3517 770 3569 12
789 3517 883 3585 legatis
901 3519 1137 3587 quaestoribusque
1155 3520 1195 3586 X3

125 3605 177 3659 del.
196 3604 310 3673 Wtiua
328 3606 422 3676 legatis
436 3610 627 3676 quaestoreque
645 3606 733 3660 Clare.
761 3607 770 3670 Η
798 3607 831 3658 14
850 3606 966 3659 hibernis
985 3608 1034 3660 del.
1055 3607 1140 3661 Vr'ella.

216 3696 261 3751 26.
282 3696 298 3749 3
317 3695 458 3750 catuuuleo
478 3715 508 3764 a3
527 3694 708 3764 patu(u)leop
739 3696 747 3763 ΗΗ
780 3695 972 3749 4frumeutum
991 3696 1053 3763 inp
1084 3698 1093 3765 ΗΗ
1126 3698 1196 3751 bin-

126 3785 274 3839 duciomari
287 3784 326 3855 pf
353 3784 362 3854 ΗΗ
393 3786 484 3838 treuiri
502 3804 530 3850 a3
550 3785 673 3854 trebirio
705 3785 713 3848 ll
746 3786 761 3837 7
782 3786 994 3854 oppuguandam
1014 3789 1196 3855 oppugnatum

126 3894 147 3926 α
178 3875 187 3945 ΗΗ
218 3874 308 3928 duna
326 3891 360 3927 ex
379 3875 453 3942 parte
473 3874 512 3940 X;
532 3875 676 3927 decumana
694 3876 770 3941 porta
783 3873 858 3926 Paul
890 3875 898 3943 ΗΗ
930 3874 1089 3941 9missisp
1121 3877 1129 3943 Η
1164 3876 1197 3930 10

125 3963 160 4017 ab
180 3963 371 4032 oppugnatione
391 3969 488 4028 suosrt
520 3963 528 4030 ΗΗ
562 3964 592 4015 11
614 3977 661 4015 suo
679 3978 753 4015 more
772 3962 821 4015 del.
842 3963 951 4016 esraa.
985 3962 993 4029 Η
1025 3965 1089 4030 utri
1121 3968 1129 4030 Η
1163 3965 1196 4016 12

125 4068 196 4121 quae
216 4071 246 4119 a3
266 4053 371 4121 quodp
806 4109 809 4114 ,

216 4141 262 4196 27.
284 4143 297 4193 1
318 4141 492 4209 conloquendi
512 4155 591 4193 causa
610 4157 661 4192 om..
681 4147 698 4206 Η
730 4142 739 4208 ΗΗ
777 4144 799 4194 l.
821 4141 837 4194 2
856 4142 931 4210 gaius
950 4141 1098 4208 carpineius
1119 4160 1148 4208 «3
1173 4159 1195 4194 o.

124 4229 280 4299 arpiniusss

173 4335 252 4378 Cacsar
264 4336 282 4378 I.
298 4336 332 4380 cd.
347 4336 437 4378 Meusol.
1018 4335 1035 4388 8
