2806 4778
252 308 314 369 108
653 321 756 374 BELH
776 320 917 375 baumer

251 487 469 566 dimicaretur,
503 483 697 547 intellectum
731 489 777 546 est
811 487 935 546 nostros
968 487 1096 566 propter
1131 484 1318 565 gravitatem

251 611 426 672 annorum,
450 590 535 674 quod
559 609 666 672 neque
689 592 816 672 insequi
835 589 983 653 cedentes
1003 594 1132 672 possent
1152 609 1259 672 neque
1283 589 1319 651 ab

251 700 351 782 signis
375 698 537 762 discedere
562 697 728 778 auderent,
751 699 858 760 minus
883 704 971 780 aptos
995 715 1064 760 esse
1089 696 1129 760 ad
1149 697 1248 760 huius
1270 716 1342 780 ges

224 808 336 869 aneris
360 807 496 887 hostem,
520 807 644 886 equites
668 809 774 867 autem
798 823 913 887 magno
938 823 1012 866 oum
1035 803 1178 886 periculo
1202 804 1319 886 proelio

252 913 416 993 dimicare,
444 918 611 995 propterea
644 912 731 994 quod
759 912 807 973 illi
835 912 930 973 etiam
959 911 1105 973 consulto
1133 910 1320 992 plerumque

252 1020 402 1082 cederent
425 1025 468 1099 et,
496 1037 569 1080 oum
593 1019 724 1100 paulum
747 1018 786 1080 ab
810 1016 990 1100 legionibus
1018 1023 1144 1080 nostros
1173 1019 1321 1080 removis-

253 1133 336 1207 sent,
360 1144 401 1188 ex
425 1125 544 1189 essedis
568 1125 732 1188 desilirent
755 1124 944 1207 etpedibus
968 1123 1088 1207 dispari
1106 1125 1227 1206 proelio
1252 1143 1321 1186 oon-

225 1233 428 1297 etenderent.
476 1232 643 1315 [equestris
667 1236 774 1295 autem
790 1231 904 1314 proelii
928 1233 1008 1293 ratio
1032 1237 1064 1293 et
1081 1230 1270 1294 cedentibus
1293 1236 1356 1294 etro

225 1337 495 1420 ainsequentibus
518 1358 574 1421 par
598 1345 694 1421 atque
717 1338 803 1401 idem
819 1338 996 1421 periculum
1017 1337 1193 1421 inferebat]
1238 1357 1321 1401 acoe-

254 1445 348 1509 debat
371 1446 447 1526 huc,
471 1451 507 1508 ut
529 1465 708 1526 numquam
727 1445 874 1526 conferti,
898 1445 954 1508 sed
977 1447 1039 1507 rari
1064 1446 1255 1528 magnisque
1277 1447 1322 1507 in-

254 1553 395 1615 tervallis
418 1552 649 1635 proeliarentur
672 1554 890 1633 stationesque
914 1553 1082 1635 dispositas
1105 1552 1259 1615 haberent
1280 1558 1322 1614 at-

255 1678 317 1740 que
341 1659 420 1721 alios
448 1660 501 1721 alii
525 1660 674 1741 deinceps
703 1661 887 1742 exciperent
915 1661 1094 1744 integrique
1123 1665 1155 1722 et
1183 1664 1322 1722 recentes

201 1781 234 1834 17
256 1767 433 1850 defatigatis
450 1766 663 1830 succederent.
710 1767 842 1831 Postero
863 1768 914 1830 die
930 1767 1041 1849 procul
1058 1787 1076 1828 a
1092 1768 1204 1829 eastris
1219 1766 1323 1828 hostes
1337 1785 1346 1824 1

255 1875 289 1936 in
306 1872 442 1936 collibus
459 1875 672 1937 constiterunt
687 1875 814 1954 rarique
830 1893 863 1937 se
879 1873 1045 1937 ostendere
1065 1879 1096 1936 et
1111 1873 1215 1936 lenius
1231 1893 1323 1954 quam

228 1981 358 2063 apridie
386 1985 513 2043 nostros
542 1981 666 2060 equites
699 1981 819 2062 proelio
852 1981 1007 2043 lacessere
1040 1983 1220 2062 coeperunt.
1272 1979 1324 2042 sed

256 2088 400 2168 meridie,
429 2106 504 2148 cum
532 2085 646 2150 Caesar
669 2087 842 2170 pabulandi
866 2106 963 2150 causa
984 2086 1035 2148 ΙΙΙ
1057 2087 1203 2170 legiones
1231 2092 1329 2167 atque-

257 2213 383 2257 omnem
413 2194 589 2274 equitatum
618 2213 691 2256 cum
721 2192 753 2255 C.
781 2193 938 2257 Trebonio
967 2193 1070 2276 legato
1100 2194 1251 2274 misisset,
1279 2211 1348 2255 res

256 2306 351 2382 pente
379 2318 420 2362 ex
445 2300 594 2366 omnibus
621 2300 765 2383 partibus
793 2300 832 2362 nd
860 2299 1062 2383 pabulatores
1090 2300 1325 2378 advolaverunt,

229 2408 304 2469 asic
337 2408 384 2469 uti
413 2406 452 2468 ab
482 2407 580 2489 signis
608 2406 852 2489 legionibusque
887 2426 949 2469 uon
981 2406 1177 2471 absisterent.
1229 2409 1325 2469 nostri

257 2514 373 2575 aeriter
398 2515 510 2575 ineos
533 2514 655 2596 impetu
682 2513 763 2576 sacto
787 2514 995 2596 reppulerunt
1021 2532 1127 2596 noque
1154 2513 1253 2576 finem
1281 2532 1325 2576 se-

259 2619 377 2703 quendi
399 2619 555 2701 fecerunt,
581 2620 685 2703 quoad
708 2621 850 2683 subsidio
875 2621 987 2684 oonfisi
1006 2622 1144 2702 equites,
1169 2627 1326 2704 cumpost

229 2747 292 2791 ase
314 2727 459 2811 legiones
484 2728 641 2808 viderent,
665 2729 851 2810 praecipites
874 2728 980 2791 hostes
996 2734 1130 2811 egerunt
1148 2746 1325 2810 magnoque
1339 2744 1361 2786 ro

258 2855 369 2899 eorum
392 2853 526 2897 numero
549 2834 714 2899 interfecto
738 2854 843 2916 neque
864 2836 916 2897 sui
935 2834 1108 2918 colligendi
1128 2854 1235 2917 neque
1255 2853 1326 2897 con-

230 2963 243 3004 a
258 2942 391 3006 sistendi
414 2947 469 3004 aut
493 2961 534 3005 ex
551 2943 670 3006 essedis
690 2941 861 3005 desiliendi
879 2941 1061 3004 facultatem
1079 2941 1245 3005 dederunt.
1287 2961 1326 3004 ex

258 3050 316 3113 lrac
339 3051 415 3133 fuga
438 3050 583 3132 protinus
607 3068 688 3130 quae
713 3048 856 3130 undique
879 3055 1096 3111 convenerant
1119 3047 1241 3111 auxilia
1266 3047 1326 3109 dis-

258 3163 436 3237 cesserunt,
460 3175 564 3237 neque
589 3161 659 3238 post
681 3155 715 3218 id
739 3161 864 3238 tempus
887 3175 1041 3238 umquam
1065 3157 1199 3218 summis
1222 3154 1326 3217 nobis-

205 3275 240 3329 18
259 3284 332 3327 cum
356 3266 456 3348 copiis
479 3265 585 3327 hostes
609 3262 847 3326 contenderunt.
895 3261 1010 3325 Caesar
1038 3262 1165 3344 cognito
1194 3262 1349 3325 consilior

259 3391 371 3434 eorum
399 3372 440 3434 ad
462 3370 584 3434 flumen
612 3371 770 3432 Tamesim
802 3372 837 3432 in
865 3370 945 3432 fines
974 3367 1207 3432 Cassivellauni
1240 3387 1326 3431 exer-

259 3479 358 3540 eitum
382 3479 489 3557 duxit,
515 3477 601 3560 quod
624 3475 745 3539 flumen
770 3495 834 3538 uno
860 3477 989 3539 omnino
1013 3475 1083 3538 loeo
1107 3473 1255 3558 pedibus,
1284 3480 1327 3536 at-

349 3706 431 3761 16.’4
449 3709 633 3771 armaturaefl
665 3705 673 3773 ll
705 3711 755 3772 apl
787 3707 795 3774 {l
827 3704 960 3773 6proelio
980 3711 1069 3770 otiari
1100 3704 1109 3773 ΙΙ
1141 3703 1253 3771 8abo3
1272 3719 1326 3772 arn

259 3812 312 3847 om.
336 3813 358 3846 π
399 3796 408 3862 [Ι
450 3797 543 3850 10.11
569 3793 700 3862 equestris
724 3833 908 3846 ...........
932 3793 1062 3846 inferebat
1085 3810 1137 3846 om.
1161 3793 1202 3846 ed.
1225 3794 1251 3860 1;
1278 3792 1326 3845 del.

262 3883 357 3937 Tittler
389 3884 397 3953 ΙΙ
431 3886 463 3936 14
482 3884 526 3937 alii
545 3889 634 3949 amq}
665 3883 673 3949 ll
708 3885 740 3936 15
759 3882 908 3952 defetigatis
928 3883 964 3935 ab

349 3974 394 4028 17.
415 3973 431 4026 2
449 3973 582 4039 lentiusfl
623 3971 631 4039 ll
673 3972 941 4040 limitibusque
982 3972 991 4040 il
1032 3971 1155 4040 9quoad
1178 3972 1226 4039 dle3
1254 3971 1326 4036 Alam

259 4065 330 4132 quod
344 4062 406 4134 χρή
426 4078 478 4131 quo
498 4079 540 4132 (po
572 4063 580 4130 ll
613 4061 647 4115 10
665 4076 695 4114 se
714 4078 766 4114 om.
787 4081 804 4112 o
837 4062 859 4131 lt<
879 4061 920 4115 10.
942 4062 972 4114 ll
994 4077 1089 4130 magno
1108 4077 1218 4115 numero
1237 4076 1327 4114 eorum

258 4159 276 4220 β
308 4154 316 4219 ll
349 4153 382 4206 12
401 4151 501 4207 essedis
521 4170 552 4219 ας
572 4151 683 4219 equisfi

349 4242 394 4297 18.
415 4242 431 4295 2
449 4241 573 4296 tamesim
593 4241 633 4307 ol3
652 4240 793 4308 tamesinft
822 4242 832 4306 ΙΙ
865 4240 1052 4295 cassivellauni
1063 4247 1093 4308 ,63
1112 4238 1283 4294 oasiuellauni
1296 4235 1331 4304 us
