2806 4778
484 371 591 426 LIBER
609 372 669 426 VII.
690 371 766 426 CAP.
785 372 904 428 68-71.
1163 360 1226 422 203

127 535 257 602 rfirmis
281 535 450 618 praesidiis
473 536 671 598 tenebantur.
719 533 821 618 Opere
844 536 990 599 instituto
1019 534 1056 598 fit
1079 541 1226 619 equestre
1247 546 1282 601 10
1333 554 1336 559 ·

155 641 315 726 proelium
342 644 376 704 in
400 660 437 704 ea
463 642 610 725 planitie,
643 662 739 725 quam
762 642 977 706 intermissam
1004 642 1139 706 collibus
1168 645 1228 706 tria

154 749 246 812 milia
267 768 420 832 passuum
448 749 481 811 in
510 748 747 831 longitudinem
775 754 883 832 patere
911 769 1007 833 supra
1033 749 1226 812 demonstra-

155 857 270 919 vimus.
317 875 443 919 summa
465 857 498 918 vi
522 855 561 918 ab
584 857 730 938 utrisque
754 855 963 920 contenditur.
1009 855 1254 924 laborantibusa

125 963 273 1029 anostris
297 961 412 1027 Caesar
428 963 604 1027 Germanos
628 963 787 1026 submittit
808 963 1014 1046 legionesque
1034 982 1091 1046 pro
1116 964 1226 1026 castris

155 1070 335 1151 constituit,
358 1089 400 1133 ne
418 1090 481 1153 qua
497 1069 603 1133 subito
620 1069 762 1153 inruptio
787 1070 826 1132 ab
843 1069 981 1133 hostium
997 1070 1141 1153 peditatu
1163 1068 1225 1132 fiat.

155 1176 312 1259 praesidio
337 1177 504 1260 legionum
527 1175 634 1239 addito
658 1176 775 1240 nostris
799 1177 924 1240 animus
948 1182 1094 1260 augetur:
1120 1177 1254 1244 hostesa

155 1282 193 1346 in
218 1282 326 1366 fugam
358 1284 494 1347 coniecti
526 1303 559 1352 se
592 1283 654 1366 ipsi
685 1283 891 1348 multitudine
923 1283 1103 1367 impediunt
1131 1289 1226 1366 atque

157 1389 393 1472 angustioribus
425 1391 524 1473 portis
555 1390 675 1454 relictis
703 1395 894 1454 coartantur.
942 1389 1093 1453 Germani
1121 1391 1255 1457 acriusi

116 1514 259 1577 reusque
283 1497 323 1560 ad
346 1497 542 1560 munitiones
566 1502 754 1578 sequuntur.
801 1496 838 1561 fit
862 1517 979 1580 magna
1006 1498 1131 1576 caedes;
1161 1515 1253 1564 nona

156 1602 239 1665 nulli
262 1603 380 1667 relictis
405 1606 496 1687 equis
518 1606 636 1668 fossam
661 1604 794 1668 transire
819 1610 850 1667 et
872 1605 1042 1668 maceriam
1065 1610 1227 1667 transcen-

157 1709 232 1773 dere
257 1717 422 1775 conantur.
467 1713 601 1795 paulum
629 1711 771 1794 legiones
796 1710 922 1793 Caesar,
952 1730 1030 1793 quas
1058 1730 1114 1793 pro
1142 1711 1225 1773 vallo

157 1819 378 1900 constituerat,
401 1820 583 1902 promoveri
606 1818 703 1881 iubet.
749 1836 815 1880 non
838 1819 945 1881 minus
969 1818 1026 1900 qui
1049 1818 1135 1880 intra
1156 1837 1253 1885 mu=a

157 1924 295 1989 uitiones
318 1930 410 1988 erant
434 1926 519 1989 Galli
541 1925 781 2010 perturbantur:
811 1926 916 1988 veniri
939 1924 979 1987 ad
1003 1944 1035 1988 se
1060 1923 1226 1986 confestim

116 2054 143 2096 15
158 2032 378 2095 existimantes
401 2032 442 2094 ad
464 2053 553 2095 arma
576 2033 788 2112 conclamant;
818 2051 883 2094 non
905 2031 987 2094 nulli
1009 2031 1170 2114 perterriti
1190 2031 1226 2092 in

159 2137 311 2220 oppidum
337 2140 536 2222 inrumpimt.
583 2140 829 2223 Vercingetorix
860 2136 948 2202 iubet
978 2143 1084 2221 portas
1112 2137 1253 2218 claudii

157 2263 197 2306 no
221 2249 323 2310 castra
345 2246 517 2310 nudentur.
556 2247 666 2310 multis
685 2246 871 2327 interfectis,
895 2244 1114 2329 compluribus
1135 2246 1226 2327 equis

130 2352 256 2434 rcaptis
274 2351 424 2416 Gennani
443 2373 513 2417 sese
532 2354 700 2437 recipiunt.
735 2352 995 2436 Vercingetorix,
1018 2352 1108 2435 prius
1130 2371 1227 2432 quam
1246 2371 1280 2424 ῃ

156 2459 353 2524 munitiones
377 2461 415 2523 ab
439 2459 592 2524 Romanis
615 2459 833 2544 perficiantur,
862 2460 1031 2524 consilium
1055 2461 1138 2542 capit
1161 2479 1227 2522 om-

157 2583 231 2629 nem
252 2564 291 2629 ab
312 2587 346 2631 se
367 2569 544 2651 equitatum
564 2574 663 2630 noctu
679 2567 846 2631 dimittere.
883 2566 1121 2630 discedentibus
1136 2585 1253 2633 man-2

158 2671 224 2753 dat,
251 2679 288 2736 ut
314 2693 406 2736 suam
434 2676 569 2758 quisque
599 2694 709 2738 eorum
737 2675 897 2737 civitatem
925 2673 1017 2736 adeat
1043 2691 1226 2754 omnesque,

129 2780 214 2860 aqui
241 2799 299 2863 per
326 2785 462 2851 aetatem
490 2801 578 2844 arma
605 2782 687 2845 ferre
716 2782 851 2864 possint,
881 2780 921 2843 ad
948 2779 1069 2842 bellum
1097 2784 1225 2860 cogaut;

158 2904 217 2949 sua
238 2887 274 2949 in
296 2887 367 2951 illos
390 2890 503 2951 merita
526 2889 675 2971 proponit
698 2887 948 2969 obtestaturque,
971 2890 1008 2948 ut
1022 2904 1099 2948 suae
1116 2885 1254 2953 salutisa

157 2993 314 3058 rationem
342 2994 481 3058 habeant
511 3014 577 3059 neu
610 3013 643 3058 se
672 2995 789 3078 optime
823 2994 862 3056 de
891 2993 1053 3055 communi
1083 2992 1226 3054 libertate

158 3101 307 3163 meritum
335 3100 482 3165 hostibus
509 3103 544 3164 in
573 3103 749 3165 cruciatum
778 3100 902 3164 dedant.
950 3098 1035 3181 quod
1063 3099 1090 3161 si
1119 3098 1226 3160 indili-

156 3208 318 3288 gentiores
350 3208 481 3290 fuerint,
519 3209 608 3271 milia
641 3209 808 3271 hominum
844 3207 967 3270 delecta
1000 3205 1129 3270 LXXX
1162 3224 1227 3269 una

248 3457 281 3511 16
300 3456 485 3510 detinebantur
503 3463 520 3524 β

247 3564 292 3619 70.
312 3564 328 3617 3
347 3563 375 3616 in
392 3563 586 3633 longitudinem
604 3580 657 3617 om.
669 3570 687 3630 β
718 3563 726 3631 11
759 3563 822 3618 dne
835 3578 887 3630 qua
906 3602 983 3614 .....
1003 3560 1201 3615 statuarium
1219 3559 1227 3631 11

158 3653 221 3705 let
238 3652 370 3719 nostrisfi
410 3654 419 3722 11
459 3652 564 3706 animus
585 3652 634 3719 Spq
657 3652 754 3706 animis
774 3671 791 3703 α
832 3652 840 3720 11
881 3653 908 3704 et
926 3650 1017 3704 hostes
1037 3652 1134 3717 suntss
1170 3651 1179 3720 11
1211 3649 1227 3704 9

157 3743 310 3795 coartantur
326 3748 355 3809 β;
374 3741 521 3796 coaceruati
539 3743 597 3794 tum
617 3744 939 3808 u;ooace1uantnrrecc.
973 3741 982 3808 11
1015 3739 1049 3794 10
1066 3739 1227 3792 munitiones

157 3848 188 3899 ας
206 3831 333 3898 murosss
363 3831 373 3901 11
404 3833 612 3899 persecunturfl
644 3830 652 3898 11
685 3831 717 3884 11
737 3830 875 3884 materiam
889 3849 906 3881 u
938 3831 946 3898 11
980 3829 1013 3882 12
1026 3828 1164 3897 paululum
1179 3825 1227 3898 π1

159 3920 192 3972 14
210 3919 399 3989 perturbantur
417 3919 481 3989 galli
499 3939 517 3970 a
549 3921 557 3989 11
589 3919 680 3973 uenire
700 3939 717 3971 u
750 3920 758 3989 11
792 3921 825 3974 16
844 3921 932 3988 portas
950 3918 1059 3984 iubete

248 4029 292 4082 11.
313 4027 329 4080 2
348 4034 398 4094 ad
430 4025 438 4094 11
471 4027 557 4094 31111
588 4028 596 4096 11
628 4027 766 4081 demittere
786 4046 803 4078 α
840 4029 849 4091 11
884 4027 1016 4080 iadeant
1035 4022 1097 4076 HM
1125 4024 1133 4092 11
1165 4023 1226 4077 4.5

157 4131 250 4170 omnes
269 4117 348 4186 quie
380 4117 388 4186 11
422 4118 565 4185 epossent
584 4135 601 4167 α
633 4117 642 4184 11
674 4118 751 4185 cogat
769 4114 807 4169 A·
843 4114 851 4182 11
888 4117 975 4183 (ique
994 4119 1085 4179 onan
1120 4111 1128 4179 11
1166 4111 1227 4165 ’18

158 4205 191 4260 de
210 4207 344 4260 communi
361 4206 482 4261 libertato
501 4205 599 4274 optime
618 4205 743 4260 meritum
762 4206 789 4257 in
808 4205 955 4258 cruciatum
974 4202 1095 4256 hostibus
1112 4208 1130 4268 β
1165 4203 1174 4268 11
1210 4201 1227 4254 8

157 4293 211 4359 Qui
228 4295 287 4362 siss
317 4298 326 4364 ll
358 4295 502 4351 9LXXX
520 4293 657 4362 delectae
689 4297 697 4364 1
728 4310 782 4348 una
800 4300 889 4360 ouass
