2806 4778
468 249 576 304 LIBER
593 249 614 302 Ι.
635 249 712 303 ΟΑΡ.
732 249 849 303 31-33.
1027 333 1035 351 Ι
1152 235 1192 296 21

125 433 228 477 sarem
260 413 311 476 vel
347 413 534 476 auctoritate
566 432 624 475 sua
657 418 753 493 atque
791 412 952 476 exercitus
987 412 1038 476 vel
1074 413 1193 476 recenti

124 521 257 583 victoria
289 519 342 583 vel
369 521 499 582 nomine
527 519 638 602 populi
664 519 802 582 Romani
830 518 988 582 deterrere
1016 538 1121 602 posse,
1153 538 1194 583 ne

124 628 227 690 maior
256 625 427 690 multitudo
458 625 689 688 Germanorum
717 625 866 689 Rhenum
893 624 1089 706 traducatur,
1120 625 1193 689 Gal-

83 735 265 815 eoliamque
302 751 427 795 omnem
466 733 505 795 ab
538 733 694 795 Ariovisti
730 733 849 795 iniuria
885 751 978 815 posse
1015 731 1192 797 defendere.

97 840 195 905 rHac
224 841 366 903 oratione
402 839 441 902 ab
470 838 635 903 Diviciaco
669 838 778 903 habita
806 858 930 921 omneS,
965 839 1020 921 qui
1053 840 1192 921 aderant,
1210 846 1247 902 32

124 966 239 1030 magno
268 945 346 1010 fletu
374 947 530 1009 auxilium
560 968 578 1011 a
602 945 734 1010 Caesare
762 952 869 1030 petere
898 952 1077 1029 coeperunt.
1125 946 1221 1013 ani-2

124 1053 294 1117 madvertit
312 1051 426 1117 Caesar
447 1073 530 1117 unos
554 1073 596 1116 ex
620 1052 770 1116 omnibus
789 1051 954 1134 Sequanos
978 1053 1057 1116 nihil
1083 1071 1193 1116 earum

124 1178 228 1222 rerum
266 1160 381 1241 faeere,
420 1180 498 1242 quas
532 1161 631 1223 ceteri
662 1161 817 1240 facerent,
852 1161 908 1223 sed
946 1160 1053 1224 tristes
1091 1160 1193 1243 capite

97 1266 260 1332 ademisse
284 1273 400 1330 terram
422 1268 551 1330 intueri.
590 1269 658 1330 eius
677 1269 725 1330 rei
745 1286 825 1347 quae
845 1286 941 1330 causa
960 1273 1042 1330 esset
1060 1267 1192 1330 miratus

123 1392 164 1436 ex
183 1374 262 1456 ipsis
282 1375 426 1457 quaesiit.
463 1374 545 1437 nihil
565 1373 706 1455 Sequani
725 1374 931 1456 respondere,
955 1373 1063 1437 sedin
1083 1375 1219 1441 eadema

123 1481 252 1543 tristitia
276 1482 364 1544 taciti
389 1500 582 1563 permanere.
630 1500 703 1544 curn
733 1480 772 1543 ab
800 1481 851 1543 his
874 1482 1000 1564 saepius
1025 1485 1193 1563 quaereret

122 1607 227 1668 neque
251 1587 351 1650 ullam
371 1589 501 1650 omnino
526 1606 635 1650 vocem
656 1588 836 1670 exprimere
855 1591 973 1669 posset,
995 1587 1082 1651 idem
1102 1585 1192 1650 Diri-

123 1695 228 1757 ciacus
248 1694 404 1757 Haeduus
427 1693 604 1776 respondit:
629 1694 689 1755 hoc
709 1712 776 1756 esse
795 1694 995 1756 miseriorem
1019 1699 1049 1755 et
1068 1695 1220 1776 gravio-4

82 1823 109 1864 ro
123 1820 190 1863 rem
218 1801 378 1862 fortunam
403 1798 626 1879 Sequanorum
656 1819 752 1880 quam
778 1800 989 1880 reliquorum,
1018 1800 1105 1880 quod
1132 1800 1192 1862 soli

123 1925 163 1967 ne
191 1906 226 1967 in
255 1906 379 1968 occulto
415 1905 545 1987 quidem
574 1906 664 1986 queri
697 1925 802 1987 neque
836 1906 995 1968 auxilium
1023 1905 1192 1988 implorare

123 2012 277 2074 auderent
299 2012 503 2094 absentisque
527 2012 686 2087 Ariovisti,
710 2011 943 2092 crudelitatem,
970 2012 1059 2075 velut
1086 2013 1113 2074 si
1141 2032 1192 2076 oo-

122 2138 190 2179 ram
225 2118 362 2198 adesset,
394 2118 572 2196 horrerent,
605 2124 772 2202 propterea
803 2119 889 2202 quod
921 2119 1055 2201 rquuis
1085 2125 1219 2187 tamena

121 2225 214 2309 fugae
233 2226 367 2289 facultas
388 2225 530 2306 daretur,
554 2224 710 2308 Sequanis
730 2245 816 2306 vero,
838 2227 894 2308 qui
912 2228 996 2291 intra
1014 2225 1096 2290 fines
1116 2246 1191 2290 suos

80 2353 107 2394 15
121 2333 321 2395 Ariovistum
337 2333 544 2416 recepissent,
567 2352 706 2415 quorum
726 2333 842 2417 oppida
863 2335 971 2396 omnia
985 2333 1020 2396 in
1036 2338 1191 2417 potestate

121 2440 190 2502 eius
214 2445 331 2519 essent,
356 2458 465 2503 omnes
490 2440 649 2504 eruciatus
673 2447 779 2504 essent
801 2440 989 2524 perferendi.

94 2568 106 2607 1
211 2545 271 2609 His
287 2546 383 2610 rebus
399 2548 534 2630 cognitis
548 2546 663 2611 Caesar
673 2547 838 2611 Gallorum
854 2550 977 2611 animos
992 2549 1099 2611 verbis
1116 2567 1191 2611 con·
1208 2565 1245 2620 33

119 2652 258 2716 firmavit
284 2653 510 2736 pollicitusque
543 2660 591 2718 est
623 2653 682 2717 sibi
718 2673 788 2718 eam
815 2674 883 2718 rem
912 2673 1007 2718 curae
1034 2655 1188 2734 futuram,

119 2779 268 2842 magnam
296 2778 330 2822 se
358 2760 473 2822 habere
501 2780 589 2843 spem
616 2767 647 2823 et
674 2760 831 2824 beneficio
860 2781 918 2824 suo
943 2767 974 2824 et
1003 2762 1190 2825 auctoritate

120 2867 294 2929 adductum
317 2867 517 2929 Ariovistum
544 2865 641 2929 finem
670 2868 797 2930 iniuriis
824 2867 992 2931 facturum.
1039 2869 1098 2930 hac
1122 2888 1190 2930 ora

91 2975 206 3036 atione
229 2974 336 3036 hahita
364 2974 536 3036 concilimn
565 2973 691 3036 dimisit.
743 2979 775 3037 et
800 2974 977 3056 secundum
1005 2993 1043 3037 ea
1070 2975 1218 3041 multaer

119 3099 169 3144 res
194 3100 268 3144 eum
292 3079 516 3161 hortabantur,
542 3099 639 3162 quare
663 3081 724 3143 sibi
748 3099 818 3143 eam
841 3099 909 3143 rem
934 3081 1136 3164 cogitandam
1159 3088 1191 3146 et

119 3188 354 3270 suscipiendam
376 3193 515 3271 putaret,
537 3188 571 3250 in
587 3189 698 3270 primis
715 3188 799 3270 quod
817 3187 970 3251 Haeduos
985 3188 1098 3252 fratres
1115 3208 1189 3252 con-

119 3296 374 3377 sanguineosque
398 3313 492 3377 saepe
514 3313 649 3358 numero
673 3316 692 3358 a
714 3299 826 3357 senatu
844 3295 1015 3378 appellatos
1038 3296 1073 3358 in
1090 3297 1188 3360 servi-

117 3406 186 3464 tute
202 3407 298 3483 atque
312 3403 348 3464 in
364 3402 490 3465 dicione
506 3402 635 3465 videbat
647 3400 879 3465 Germanorum
895 3404 997 3466 teneri
1013 3422 1189 3487 eorumque

77 3527 104 3568 ro
119 3508 244 3571 obsides
272 3527 340 3571 esse
369 3508 453 3591 apud
481 3510 682 3572 Ariovistum
711 3529 748 3572 ac
776 3507 942 3590 Sequanos
969 3511 1186 3593 intellegebat;

119 3616 205 3698 quod
227 3616 261 3677 in
286 3621 373 3679 tanto
397 3616 532 3698 imperio
555 3616 665 3700 populi
680 3616 815 3679 Romani
836 3617 1057 3699 turpissimum
1080 3617 1189 3681 sibiet

207 3863 241 3916 59
260 3863 404 3916 reducatur
422 3862 468 3931 Mp

205 3970 251 4025 32.
272 3972 288 4023 3
307 3985 374 4023 unos
397 3987 478 4036 ηοω
502 3970 542 4022 cd.
562 3971 590 4038 13
614 3987 683 4024 unns
701 3971 732 4023 X
765 3972 773 4039 ll
811 3974 825 4025 7
850 3988 1005 4040 permanere
1024 3971 1104 4041 ‹lea3
1128 3986 1187 4038 per·

116 4075 238 4113 mansere
257 4058 342 4125 ABp
374 4059 382 4127 ll
415 4060 449 4113 13
468 4063 558 4111 tamen
577 4078 612 4128 qq
631 4062 735 4113 tautum
749 4060 832 4130 2B²p

205 4167 251 4222 33.
272 4169 288 4221 5
308 4166 415 4219 dimisit.
437 4165 483 4257 [et]
503 4165 566 4218 HM
594 4167 602 4234 lt
635 4166 651 4219 9
671 4167 773 4221 dicione
793 4186 823 4234 o3
843 4168 976 4221 deditione
994 4167 1049 4234 Bp
