2806 4778
432 340 539 394 LIBER
557 340 590 394 V.
610 340 686 394 CAP.
706 341 828 395 53-56.
1100 326 1160 387 131

92 507 162 565 tum
186 502 272 585 apud
295 502 441 566 homines
466 503 617 566 barbaros
645 503 746 567 valuit
773 522 843 568 esse
871 505 994 586 aliquos
1022 507 1163 586 repertos

91 610 254 693 principes
282 610 358 673 belli
386 611 544 674 inferendi
572 615 755 693 tantamque
784 611 934 673 omnibus
962 610 1163 674 voluntatum

51 740 79 782 15
93 719 376 780 commutationem
409 718 526 800 attulit,
564 722 599 779 ut
630 722 756 799 praeter
788 717 940 781 Haeduos
973 723 1005 780 et
1036 716 1161 799 Remos,

93 842 174 905 quos
197 825 368 906 praecipuo
393 842 518 906 semper
539 823 659 887 honore
680 822 796 887 Caesar
818 824 942 905 habuit,
966 824 1082 887 alteros
1104 842 1162 907 pro

92 936 200 994 vetere
225 950 261 993 ac
284 937 436 1013 perpetua
459 950 534 1013 erga
557 931 713 1012 populum
736 931 916 994 Romanum
943 929 1017 1013 fide,
1047 930 1162 994 alteros

91 1057 149 1121 pro
173 1037 356 1101 recentibus
381 1037 495 1100 Gallici
513 1037 589 1099 belli
605 1036 730 1119 officiis,
754 1038 844 1100 nulla
858 1039 923 1101 fere
940 1039 1051 1100 ciuitas
1065 1037 1163 1100 fuerit

92 1164 158 1207 non
182 1150 328 1226 suspecta
351 1143 453 1207 nobis.
500 1144 598 1226 idque
623 1145 700 1207 adeo
729 1145 816 1207 haud
843 1145 908 1208 scio
936 1144 1189 1209 mirandumnea

51 1271 78 1314 ao
93 1253 144 1331 sit,
170 1270 244 1313 oum
267 1251 486 1333 compluribus
511 1251 581 1314 ahts
606 1252 644 1314 de
669 1252 787 1330 causis,
812 1257 881 1314 tum
896 1253 1050 1334 maxime,
1076 1251 1162 1332 quod

93 1359 149 1440 qui
174 1359 290 1420 virtute
314 1357 390 1420 belli
414 1357 563 1420 omnibus
579 1357 727 1441 gentibus
745 1357 1013 1441 praeferebantur,
1038 1362 1162 1421 tantum

92 1483 125 1527 se
150 1465 222 1527 eius
246 1466 407 1547 opinionis
431 1463 659 1546 deperdidisse,
684 1470 720 1527 ut
742 1465 853 1547 populi
871 1465 1007 1527 Romani
1029 1465 1162 1548 imperia

91 1571 281 1653 perferrent,
304 1573 491 1654 gravissime
515 1571 670 1634 dolebant.

67 1699 79 1739 1
182 1677 311 1741 Treveri
334 1697 410 1741 vero
430 1683 525 1759 atque
540 1677 778 1740 Indutiomarus
794 1668 891 1741 totius
907 1678 1020 1741 hiemis
1036 1678 1164 1740 nullum
1181 1692 1216 1747 55

93 1790 219 1868 tempus
243 1786 497 1865 intermiserunt,
526 1785 605 1865 quin
629 1790 716 1847 trans
739 1784 888 1847 Rhenum
911 1784 1031 1867 legatos
1058 1786 1162 1848 milte-

92 1896 177 1974 rent,
202 1892 348 1955 civitates
371 1891 591 1972 sollicitarent,
614 1893 767 1974 pecunias
783 1891 1022 1974 pollicerentur,
1046 1909 1163 1975 magna

93 2004 182 2082 parte
207 1999 367 2062 exercitus
390 2000 490 2061 nostri
512 1998 678 2061 interfecta
700 1999 801 2061 multo
817 2000 974 2061 minorem
997 2017 1161 2081 superesse

65 2106 236 2170 adicerent
251 2110 380 2188 partem.
426 2124 532 2188 neque
560 2111 667 2169 tamen
695 2105 754 2167 ulli
783 2107 902 2169 civitati
930 2105 1189 2169 Germanoruma

92 2212 280 2296 persuaderi
303 2214 420 2295 potuit,
444 2219 480 2275 ut
503 2212 652 2276 Rhenum
677 2214 838 2294 transiret,
866 2232 940 2275 cum
968 2231 1002 2275 se
1029 2213 1078 2275 bis
1106 2232 1162 2277 ex-

92 2325 200 2403 pertos
229 2319 383 2400 dicerent,
411 2321 564 2383 Ariovisti
592 2319 675 2382 bello
703 2325 734 2383 et
759 2321 984 2384 Tencterorum
1011 2321 1159 2383 transitu:

91 2446 159 2489 non
183 2445 251 2490 esse
276 2427 411 2509 amplius
441 2427 602 2489 fortunam
630 2431 847 2509 temptaturos.
894 2427 953 2488 hac
976 2447 1031 2509 spe
1054 2426 1189 2509 lapsusa

92 2533 332 2597 Indutiomarus
357 2534 457 2596 nihilo
474 2535 581 2597 minus
601 2535 707 2616 copias
723 2553 848 2617 cogere,
873 2552 1033 2615 exercere,
1058 2532 1162 2596 afini-

50 2646 79 2702 10
93 2642 179 2703 timis
203 2659 303 2722 equos
327 2660 450 2723 parare,
479 2641 590 2704 exules
620 2642 848 2721 damnatosque
876 2646 942 2703 tota
965 2640 1068 2703 Gallia
1094 2661 1161 2703 ma-

91 2749 164 2830 gnis
186 2749 335 2830 praemiis
359 2747 455 2810 adse
480 2747 618 2810 adlicere
642 2749 753 2829 coepit.
800 2766 836 2809 ac
864 2753 985 2810 tantam
1012 2746 1073 2810 sibi
1096 2749 1188 2809 iamt

93 2855 141 2916 bis
164 2854 261 2916 rebus
285 2855 319 2916 in
337 2854 439 2916 Gallia
458 2856 676 2917 auctorItatem
693 2860 941 2936 comparaverat,
966 2858 1002 2916 ut
1019 2854 1160 2933 undique

91 2961 132 3022 ad
155 2980 230 3024 eum
253 2960 429 3044 legationes
453 2966 692 3041 concurrerent,
717 2962 849 3042 gratiam
869 2965 964 3041 atque
988 2961 1160 3022 amicItiam

65 3067 219 3150 rpublice
243 3069 455 3150 privatimque
479 3071 629 3149 peterent.
676 3067 740 3130 Ubi
764 3066 924 3129 intellexit
952 3067 1034 3129 ultro
1063 3067 1102 3128 ad
1126 3085 1159 3130 se
1178 3079 1216 3134 bt

91 3175 209 3254 veniri,
238 3175 336 3238 altera
364 3194 406 3238 ex
432 3179 520 3256 parte
549 3174 689 3238 Senones
718 3174 938 3254 Carnutesque
966 3174 1161 3236 conscientia

90 3281 241 3344 facinoris
276 3282 433 3364 instigari,
466 3280 567 3344 altera
600 3280 737 3344 Nervios
764 3281 1006 3362 Atuatucosque
1039 3280 1161 3343 bellum

90 3387 243 3450 Romame
270 3407 381 3470 parare
405 3406 508 3468 neque
537 3388 598 3451 sibi
627 3389 880 3450 voluntariorum
908 3388 1016 3470 copias
1045 3386 1160 3468 defore,

62 3495 119 3557 asi
142 3513 185 3557 ex
206 3493 326 3558 finibus
350 3496 416 3558 suis
440 3495 589 3578 progredi
613 3495 780 3577 coepisset,
809 3500 965 3557 armatrmr
988 3496 1161 3558 concilium

182 3725 215 3777 13
233 3723 335 3792 aliquos
354 3740 448 3795 essep
480 3725 488 3792 ΗΗ
522 3726 555 3777 14
574 3724 703 3777 inferendi
722 3723 784 3777 belli
798 3744 815 3774 a
848 3725 856 3792 ΗΗ
888 3726 1040 3789 omniump
1072 3724 1080 3791 ΗΗ
1113 3740 1160 3777 uo-

90 3813 224 3866 luntatum
237 3812 318 3882 ZM²3
337 3813 502 3867 uoluntatem
522 3833 555 3883 tp,
576 3812 756 3880 uoluntatisp
787 3813 795 3880 Η
829 3813 863 3868 20
882 3829 942 3866 cum
962 3819 1044 3879 anah
1076 3814 1084 3882 ΗΗ
1117 3812 1160 3867 20.

90 3902 123 3955 21
145 3903 214 3970 quod
233 3903 258 3955 ei
276 3903 321 3970 qui
342 3923 358 3954 α
391 3904 399 3966 Η
432 3903 466 3955 22
485 3903 576 3972 populi
594 3903 696 3956 romani
715 3904 770 3968 (ael
789 3920 814 3971 .p
827 3906 864 3971 r.)
886 3902 935 3970 Sp,
955 3919 971 3954 a
989 3901 1018 3954 P.
1032 3902 1063 3954 R.
1085 3921 1102 3952 o

179 3992 225 4046 bb.
246 3994 259 4044 1
280 3992 374 4044 traniri
393 3991 481 4059 ahta)
515 3994 523 4061 ΗΗ
555 3993 734 4046 6transirent
758 3992 836 4046 Vasc.
870 3994 878 4061 ΗΗ
915 3992 1160 4044 Ithinctherorum

91 4100 122 4149 a;
140 4082 325 4135 tencherorum
345 4100 367 4132 π
398 4082 406 4148 ΗΗ
438 4081 533 4134 Sesse
552 4081 591 4147 X;
611 4097 670 4135 sese
690 4081 753 4134 HM
789 4084 798 4150 ΗΗ
839 4082 1020 4149 temptandam
1039 4098 1061 4131 π
1098 4080 1106 4147 ΗΗ
1142 4079 1161 4132 9

89 4171 288 4225 induciomarus
302 4170 342 4239 ps
368 4170 376 4238 ΗΗ
410 4170 443 4223 12
462 4170 530 4223 iisb
562 4171 570 4239 ΗΗ
603 4171 630 4221 in
648 4170 790 4238 galliamfl

179 4261 225 4315 56.
246 4259 262 4312 2
281 4262 454 4327 carnotesque
474 4278 495 4310 π
527 4262 535 4329 ΗΗ
568 4259 729 4328 3instigare
748 4260 791 4326 ΑΗ
822 4261 830 4328 ΗΗ
863 4260 1060 4326 aduatucosque
1080 4277 1096 4308 α

962 4348 998 4401 9*
