2806 4778
231 272 272 332 68
630 284 735 337 BELLI
754 283 895 338 GALLICI

203 446 400 512 afiuiendum
434 448 572 511 maxime
608 447 669 510 fuit
706 456 875 530 oportuna:
912 466 987 509 nam
1020 445 1176 531 singulus
1214 448 1320 511 nostri
1335 469 1358 510 10

231 555 401 617 consectati
425 563 706 638 expugnaverunt.
731 562 765 615 ut
789 573 965 637 perpaucae
990 555 1153 617 exomni
1178 573 1320 617 numero

231 663 332 724 uectis
357 662 535 724 interventu
553 662 591 724 ad
617 670 730 723 terram
748 662 965 743 pervenirent,
989 679 1061 722 cum
1080 660 1121 723 ab
1140 661 1228 725 hora
1252 661 1320 724 fere

178 768 430 851 nimiusque
464 767 501 830 ad
537 767 613 830 solis
646 787 792 831 occasum
825 775 1028 850 pugnaretur.
1077 766 1152 843 Quo
1189 769 1343 851 proelior

230 875 351 938 bellum
386 876 579 937 Venetorum
613 875 773 955 totiusque
807 893 880 937 orae
909 874 1090 935 maritimae
1123 874 1318 937 confectum

203 989 285 1046 rest.
331 1002 407 1045 nem
431 1001 504 1045 cum
528 982 631 1043 onmis
655 983 817 1059 iuventus,
841 999 951 1043 omncs
967 981 1063 1042 etiam
1079 981 1248 1062 gravioris
1265 1001 1318 1045 ae

231 1091 315 1172 tatis,
349 1091 382 1151 in
416 1089 532 1171 quibus
565 1089 684 1168 aliquid
719 1088 843 1150 consilii
878 1094 933 1150 aut
965 1086 1130 1167 dignitatis
1159 1088 1243 1169 fuit,
1278 1108 1316 1152 eo

232 1203 460 1277 convenerant,
493 1201 561 1258 tum
588 1196 721 1257 navium
750 1194 834 1275 quod
862 1195 982 1276 ubique
1009 1194 1116 1257 fuerat
1144 1195 1182 1257 in
1208 1214 1340 1258 unuma

204 1304 339 1367 alueum
362 1309 544 1381 coegerant:
578 1303 696 1384 quibus
729 1304 853 1364 amissis
886 1301 1003 1384 reliqui
1035 1319 1144 1381 neque
1181 1320 1251 1384 quc
1280 1321 1315 1365 se

234 1412 409 1492 reciperent
431 1428 536 1490 neque
558 1429 653 1490 quem
674 1409 714 1471 ad
735 1410 865 1471 modum
886 1408 1001 1491 oppida
1017 1407 1235 1472 defenderent
1258 1409 1315 1471 ha·

204 1516 358 1579 abebant.
404 1517 512 1598 itaque
536 1535 570 1579 se
593 1536 714 1598 suaque
744 1518 850 1578 omnia
874 1514 999 1578 Caesari
1023 1513 1234 1580 dediderunt.
1279 1517 1313 1579 in

233 1643 313 1704 quos
345 1642 382 1685 eo
415 1624 545 1706 gravius
574 1621 689 1686 Caesar
722 1622 952 1686 vindicandum
980 1622 1104 1704 statuit,
1139 1643 1208 1705 quo
1238 1623 1312 1686 dili-

232 1732 358 1812 gentius
381 1731 416 1791 in
439 1730 599 1813 reliquum
617 1736 742 1813 tempus
765 1751 784 1792 a
805 1729 949 1794 barbaris
965 1730 1016 1792 ius
1031 1728 1215 1812 legatorum
1235 1751 1310 1795 con·
1323 1751 1346 1793 u

232 1843 419 1900 servaretur.
458 1839 565 1920 itaque
590 1838 677 1899 omni
693 1846 806 1900 senatu
821 1843 932 1901 necato
949 1836 1092 1916 reliquos
1108 1836 1171 1900 sub
1188 1856 1311 1902 corona

234 1945 384 2007 vendidit.

178 2058 211 2111 17
321 2051 406 2115 Dum
439 2053 517 2115 haec
549 2054 581 2114 in
605 2052 739 2114 Venetis
773 2061 942 2135 geruntur,
975 2050 1010 2125 Q.
1037 2051 1182 2114 Titurius
1217 2052 1332 2117 Sabi-1

232 2178 293 2221 uus
321 2178 396 2221 cum
424 2160 462 2221 iis
490 2161 602 2242 copim,
632 2179 711 2240 qum
740 2179 758 2221 a
784 2158 916 2222 Caesare
949 2163 1125 2241 acceperat,
1159 2160 1197 2222 in
1225 2160 1309 2225 fines

205 2266 441 2329 ei'enellorum
464 2267 617 2348 pervenit.
663 2266 713 2328 his
737 2275 879 2349 praeerat
894 2265 1065 2329 Viridovix
1089 2285 1127 2328 ac
1142 2285 1308 2333 summam

233 2373 358 2454 imperii
390 2372 517 2435 tenebat
547 2391 655 2434 carum
684 2374 828 2435 omnium
856 2373 1034 2454 civitatum
1068 2390 1152 2454 quae
1182 2373 1307 2439 defece
1370 2422 1377 2447 ,-

233 2484 318 2560 rant,
351 2497 390 2541 ex
424 2479 542 2560 quibus
575 2481 752 2542 exercitum
780 2499 975 2562 magnasque
1003 2479 1110 2561 copias
1139 2488 1330 2565 coegeratzf»

204 2593 328 2669 eatque
357 2587 405 2647 his
433 2587 544 2669 paucis
573 2586 687 2649 diebus
715 2585 843 2649 Aulerci
874 2587 1072 2650 Eburovices
1100 2585 1307 2671 Lexouiique

233 2700 344 2756 senatu
369 2712 426 2756 suo
450 2693 628 2774 interfecto,
656 2694 743 2775 quod
767 2701 911 2757 auctores
938 2693 1014 2756 belli
1043 2710 1113 2756 esse
1141 2695 1307 2777 nolebant

232 2806 338 2883 portas
371 2800 554 2863 clauserunt
585 2819 684 2880 seque
717 2820 790 2863 cum
823 2800 1008 2864 Viridovice
1045 2802 1305 2884 coniunxerunt3

205 2926 411 2990 amagnaque
434 2914 595 2990 praeterea
617 2909 788 2971 multitudo
813 2909 957 2990 undique
981 2928 1021 2971 cx
1039 2906 1142 2970 Gallia
1161 2910 1307 2993 perdito-

232 3034 303 3076 rum
336 3015 500 3077 hominum
535 3015 758 3098 latronumque
791 3022 982 3078 convenerat
1016 3013 1078 3098 <et>
1114 3034 1197 3097 quos
1232 3038 1306 3102 spes
1319 3030 1341 3073 1⁰

232 3121 402 3202 praedandi
428 3122 637 3205 studiumque
653 3122 790 3186 bellandi
812 3123 850 3184 ab
868 3124 935 3205 agri
954 3123 1078 3185 cultura
1094 3127 1125 3184 et
1141 3124 1306 3189 cotidiano

205 3227 340 3291 elabere
372 3229 547 3292 sevocabat.
602 3228 741 3292 Sabinus
772 3230 886 3292 idoneo
920 3229 1067 3292 omnibus
1100 3228 1199 3293 rebus
1233 3232 1306 3297 loco

233 3337 344 3399 castris
368 3355 436 3400 sese
460 3337 598 3417 tenebat,
623 3357 696 3399 oum
720 3337 892 3399 Viridovix
921 3344 1031 3400 contra
1059 3355 1134 3398 euru
1163 3337 1306 3403 duorum

233 3443 359 3504 milium
383 3446 483 3526 spatio
507 3443 701 3507 consedisset
729 3445 908 3526 cotidieque
932 3443 1094 3528 productis
1118 3445 1222 3528 copiis
1246 3467 1306 3531 pu-

232 3549 351 3631 gnandi
374 3556 559 3633 potestatem
582 3551 712 3633 faceret,
735 3557 770 3613 ut
794 3553 857 3614 iam
881 3572 945 3614 non
970 3551 1073 3614 solum
1097 3550 1248 3619 hostibus
1271 3558 1306 3621 in
1320 3564 1343 3606 1⁵

324 3764 357 3816 10
376 3764 528 3831 maxiru(a)e
547 3763 596 3816 fuit
615 3763 785 3832 oportunitati
803 3772 820 3831 β
852 3768 860 3832 q
893 3765 926 3817 12
945 3763 1115 3833 pcruenerint
1133 3784 1152 3815 a

323 3852 368 3907 16.
389 3853 405 3904 3
425 3853 509 3904 omnis
528 3853 607 3905 ctiam
626 3860 643 3919 ,t
674 3856 682 3921 q
715 3856 833 3907 bunum
852 3854 910 3920 inf}
941 3855 949 3920 q*
981 3854 1041 3907 8se
1056 3869 1157 3921 suaque
1177 3876 1208 3923 ας
1228 3868 1308 3930 suast

322 3943 367 3996 17.
388 3940 404 3992 2
422 3940 500 4007 hisa
531 3946 539 4008 Η
567 3942 750 3995 Bunellorum
770 3943 800 3995 X
832 3941 840 4009 Γ
875 3942 916 3995 his
935 3950 963 4010 β;
983 3944 1014 3996 iis
1034 3962 1051 3994 u
1092 3944 1100 4011 1!
1142 3946 1308 4023 uridouixo

234 4031 412 4098 (constanter)
445 4031 453 4097 Ιζ
486 4030 562 4083 ouis
580 4038 609 4097 β;
633 4031 665 4084 iis
685 4052 702 4082 a
738 4034 746 4095 i}
782 4031 882 4085 aularci
903 4053 920 4084 u
956 4038 964 4100 {j
1000 4033 1187 4101 esasequea
1225 4038 1234 4106 ΙΙ
1275 4042 1310 4098 10

234 4119 498 4183 conuenerautMQ1
530 4125 538 4187 q
571 4124 598 4173 et
616 4121 678 4173 add
698 4121 772 4173 Paul
808 4122 815 4187 {t
854 4122 887 4173 12
907 4123 1049 4176 seuocabat
1066 4121 1136 4188 ΗΜ;
1161 4130 1311 4187 reuocabat

234 4209 263 4261 X
292 4211 300 4278 {{
332 4211 410 4263 rebus
430 4211 587 4276 omnibusfi
618 4213 626 4278 i}
661 4212 693 4263 13
713 4218 776 4278 sest
808 4216 815 4279 ἧς
848 4212 960 4265 duorum
978 4219 1005 4279 {33
1025 4213 1107 4265 duum
1128 4231 1145 4262 u
