2806 4778
176 297 236 358 106
573 309 678 363 BELLI
697 309 839 363 GALLlCI

172 473 340 557 plumbum
365 473 473 536 album
496 475 530 534 in
546 472 786 536 mediterraneis
802 471 999 555 regionibus,
1022 473 1056 534 in
1074 472 1241 535 maritimis

172 581 304 662 ferrum,
328 580 384 643 sed
407 581 477 643 eius
493 581 611 663 exigua
626 586 673 642 est
689 581 793 663 eopia3
818 599 890 643 aere
914 586 1050 643 utuntur
1065 581 1240 662 importata.

172 688 305 751 materia
332 689 489 768 cuiusque
517 688 643 769 generis
666 692 702 749 ut
724 689 758 749 in
783 687 885 750 Gallia
908 690 957 749 est
978 691 1103 769 praetor
1134 685 1241 769 fagum

146 799 268 876 satque
291 794 436 857 abietem.
483 794 622 877 leporem
647 805 678 857 et
700 794 853 877 gallinam
881 800 912 857 et
940 812 1085 857 anserem
1113 797 1240 876 gustare

172 903 219 965 fas
247 921 312 963 non
340 906 467 984 putant,
502 902 579 964 liaeo
612 906 719 964 tamen
751 901 841 963 alunt
873 902 972 963 animi
1004 901 1240 983 voluptatisque
1254 923 1276 964 15

173 1028 275 1072 eausa.
321 1009 392 1071 loea
415 1016 489 1071 sunt
512 1008 735 1090 temperatiora
759 1027 853 1088 quam
878 1009 912 1070 in
932 1007 1036 1070 Gallia
1053 1008 1241 1070 remissiori-

120 1129 156 1185 13
173 1116 233 1179 bus
256 1115 436 1197 frigoribus.
471 1115 581 1178 Insula
600 1120 714 1178 natura
734 1117 902 1197 triquetra,
926 1115 1018 1178 cuius
1037 1133 1141 1177 unum
1160 1114 1264 1178 latusi

175 1230 222 1287 est
245 1228 356 1285 contra
380 1222 523 1285 Galliam.
571 1223 667 1285 huius
690 1222 799 1285 lateris
828 1223 907 1285 alter
929 1221 1079 1304 angulus,
1109 1221 1168 1303 qui
1197 1226 1242 1284 est

174 1331 213 1393 ad
238 1328 399 1410 Cantium,
424 1348 487 1410 quo
510 1329 575 1392 lere
600 1349 710 1393 omnes
729 1349 771 1392 ex
790 1329 893 1392 Gallia
912 1346 1010 1392 naves
1030 1328 1241 1411 adpelluntur,

174 1437 214 1499 ad
243 1437 396 1499 orientem
424 1436 536 1518 solem,
571 1436 701 1499 inferior
733 1437 773 1498 ad
808 1436 974 1499 meridiem
1006 1439 1136 1518 spectat.
1184 1436 1242 1497 hoo

147 1545 258 1605 alatus
282 1549 368 1606 tenet
392 1544 516 1606 oiroiter
539 1543 628 1605 milia
650 1562 801 1625 passuum
825 1542 863 1606 D.
910 1543 1043 1606 alterum
1072 1543 1177 1625 vergit
1204 1541 1265 1606 ada

173 1647 363 1732 Hispaniam
397 1654 493 1732 atque
526 1649 723 1713 occidentem
755 1651 868 1729 solem,
904 1669 967 1730 qua
1000 1667 1041 1712 ex
1073 1655 1163 1732 parte
1196 1655 1242 1711 est

174 1756 330 1820 Hibernia
361 1756 479 1839 insula,
512 1757 643 1819 dimidio
677 1757 795 1835 minor,
833 1761 869 1820 ut
894 1757 1111 1836 existimatur,
1146 1775 1241 1837 quam

174 1864 353 1946 Britannia,
377 1864 432 1927 sed
455 1865 525 1946 pari
543 1865 643 1945 spatio
665 1865 871 1927 transmissus
894 1868 990 1944 atque
1009 1881 1050 1926 ex
1070 1862 1174 1926 Gallia
1196 1868 1242 1926 est

147 1973 208 2034 sin
240 1973 448 2035 Britanniam.
504 1973 538 2033 in
573 1971 632 2033 hou
665 1970 773 2035 medio
807 1990 902 2034 orirsu
935 1977 982 2034 est
1008 1970 1128 2049 insula,
1162 1988 1241 2052 quae

174 2080 349 2162 appellatur
381 2078 490 2155 Monam
525 2079 704 2161 complures
736 2083 899 2161 praeterea
929 2080 1068 2140 minores
1101 2077 1241 2140 obiectae
1254 2095 1277 2137 ιο

174 2185 298 2249 insulae
321 2187 555 2266 existimantur,
581 2185 619 2247 de
643 2185 762 2267 quibus
785 2185 899 2248 insidis
922 2204 988 2247 non
1004 2183 1085 2248 nulli
1109 2185 1241 2266 seripse-

147 2298 251 2353 rrunt
274 2292 342 2354 dies
365 2293 534 2354 continuos
554 2290 656 2355 XXX
679 2291 739 2355 sub
756 2291 903 2355 brumam
925 2310 993 2354 esse
1014 2296 1150 2354 noctem.
1184 2309 1240 2352 nos

174 2398 255 2460 nihil
280 2399 319 2461 de
342 2417 379 2461 eo
402 2399 694 2481 percontationibus
718 2399 969 2481 reperiebamus,
996 2399 1059 2461 nisi
1083 2398 1241 2462 certis-ex

174 2524 258 2585 aqua
281 2507 438 2569 mensuris
463 2504 623 2568 breviores
650 2525 840 2588 essequam
868 2507 903 2569 in
929 2505 1106 2568 continenti
1134 2509 1241 2568 noctes

148 2611 369 2674 svidobamus.
416 2613 514 2674 huius
542 2619 590 2674 est
615 2612 781 2695 longitudo
815 2613 936 2688 lateris,
965 2618 1000 2675 ut
1027 2613 1088 2675 fert
1114 2611 1240 2674 illorum
1254 2626 1277 2669 15

148 2719 296 2801 sopiuio,
328 2717 409 2782 Duo
437 2719 571 2782 milium.
622 2720 750 2782 tertium
783 2727 831 2783 est
864 2728 971 2782 eontra
1003 2719 1241 2802 septentriones,

175 2827 228 2889 eui
251 2827 334 2909 parti
356 2826 446 2889 nulla
469 2831 517 2889 est
541 2825 664 2889 obieeta
687 2831 784 2905 terra3
814 2827 871 2890 sed
899 2826 969 2889 eius
998 2825 1136 2908 angulus
1165 2825 1243 2888 alter

175 2935 313 2997 maxime
329 2934 369 2996 ad
382 2933 585 2996 Germaniam
603 2937 728 3015 spectat.
753 2935 813 2996 hoo
829 2933 953 2996 milium
969 2951 1120 3016 passuum
1136 2929 1241 2995 Duoo

148 3042 208 3105 riu
232 3040 465 3124 longitudinem
490 3059 557 3105 esse
582 3043 789 3104 existimatur.
831 3041 876 3104 ita
895 3041 999 3109 omnis
1017 3039 1122 3102 insula
1143 3040 1239 3103 estin

121 3161 155 3213 14
175 3149 311 3211 eirouitu
334 3149 432 3212 vicies
456 3153 584 3212 eentum
603 3149 726 3211 milium
747 3167 908 3230 passuum.
951 3146 1002 3209 Ex
1022 3146 1071 3209 bis
1093 3146 1266 3209 omnibus1

266 3341 298 3393 12
318 3341 375 3394 eius
394 3347 482 3406 onass
523 3340 531 3407 l
574 3341 608 3392 14
626 3344 706 3409 atquo
725 3361 755 3408 ις
775 3344 837 3408 etp
878 3342 886 3409 ΙΙ
929 3343 961 3394 15
982 3339 1179 3408 uoluptatisquo
1200 3338 1242 3405 «Λ

175 3427 371 3496 uoluntatisque
389 3435 406 3495 β

262 3517 309 3574 13.
329 3519 342 3569 1
363 3517 491 3586 triquetra
509 3518 549 3571 eol.
568 3521 595 3585 13
614 3519 742 3587 triquatra
760 3539 787 3589 93
807 3519 942 3587 triquadra
961 3536 991 3584 u3
1010 3518 1116 3586 utrique
1136 3537 1154 3568 u
1186 3520 1194 3587 ll
1227 3518 1242 3570 5

175 3606 244 3660 latus
263 3608 337 3659 tonet
354 3613 383 3673 513
402 3606 516 3674 pertinet
536 3627 553 3658 u
585 3608 593 3674 ll
627 3607 748 3660 7insula
766 3625 818 3661 om.
840 3628 857 3659 u
890 3607 898 3675 ll
930 3607 1017 3674 ὃθβ
1042 3607 1050 3675 ll
1078 3607 1112 3661 10
1126 3607 1242 3661 obiectae

174 3703 202 3763 ,53
222 3695 357 3748 subiectae
377 3714 394 3745 u
426 3695 434 3762 ll
468 3697 498 3747 11
521 3696 553 3748 do
573 3696 667 3764 quibus
686 3696 725 3763 X;
745 3697 841 3765 quibus
860 3696 908 3765 (in)
928 3696 1054 3749 Eussner
1085 3696 1094 3764 ll
1128 3695 1162 3748 12
1180 3696 1242 3749 bru-

174 3801 244 3838 mam
263 3785 380 3851 Fueru.;
399 3784 493 3836 bruma
510 3785 541 3837 X
563 3790 572 3852 ll
600 3787 633 3838 13
652 3786 945 3854 percunctationibusss
970 3790 978 3853 ll
1006 3787 1040 3838 14
1058 3788 1150 3839 noetes
1164 3801 1243 3853 quam

175 3875 201 3927 in
220 3873 400 3939 continentie}
439 3874 448 3936 ll
490 3875 523 3926 15
547 3874 704 3928 uidebamus
723 3882 812 3941 amp
853 3876 861 3944 {l
904 3877 945 3930 15.
967 3876 1048 3930 tout
1072 3890 1165 3928 eorum
1193 3875 1244 3927 fert

175 3964 296 4032 opiniofl
337 3967 346 4030 ΙΙ
388 3960 1118 4031 llalte1·RMen9e;laterisX3alterlateu'sPuul
1159 3963 1168 4027 11
1210 3963 1243 4016 18

175 4054 208 4106 ad
227 4060 316 4120 omo
347 4053 356 4121 ll
389 4050 445 4104 Hoc
465 4068 493 4116 a,
517 4049 625 4118 Huiop
656 4052 664 4121 ll
696 4052 799 4106 milium
823 4053 999 4121 Clark.;u1il
1021 4052 1145 4119 u3milia
1167 4049 1243 4121 aflet}

176 4143 209 4196 19
228 4142 397 4196 existimatur
415 4157 445 4207 u,
464 4139 658 4209 arbitranturfl
689 4144 697 4212 ll
731 4144 765 4198 20
784 4146 927 4198 centenum
947 4142 1040 4212 (Aul.)
1062 4141 1153 4195 Hotm.

264 4231 434 4288 ulma
