2806 4778
451 308 558 362 LIBER
577 311 609 364 V.
630 308 704 363 οΑΡ.
725 311 810 364 0-9.
1105 297 1166 358 103

96 474 288 554 gererentur
311 476 515 554 cognosceret
538 472 773 554 consiliumque
801 492 858 556 pro
882 477 1023 555 ternpore
1052 480 1083 537 et
1110 494 1167 557 pro

66 596 132 642 ere
156 581 296 661 caperet,
320 578 388 661 ipse
412 597 486 640 cunr
509 578 539 639 V
562 579 743 662 legionibus
767 584 798 642 et
821 580 890 661 pari
912 599 1046 643 numero
1076 582 1195 663 equi-a

96 690 181 766 tum,
215 703 310 767 quem
337 686 373 747 in
401 686 577 748 continenti
603 685 817 768 relinquebat,
845 687 885 748 ad
913 687 989 749 solis
1019 706 1167 750 oceasum

96 810 196 856 naves
219 791 322 854 solvit.
355 795 387 854 et
404 791 471 855 leni
491 792 599 856 Africo
619 799 786 874 provectus
806 792 910 856 media
930 795 1056 856 circiter
1074 801 1166 857 noete

96 902 193 962 vento
226 899 409 962 intermisso
437 917 565 962 cursum
599 919 664 962 non
692 900 797 964 tenuit
828 906 860 962 et
886 900 1014 982 longius
1044 900 1166 964 delatus

96 1009 188 1070 aestu
211 1009 280 1068 orta
298 1005 370 1069 luce
389 1005 448 1068 sub
465 1007 593 1068 sinistra
608 1005 806 1069 Britanniam
825 1005 968 1069 relictam
991 1009 1165 1089 conspexit.

56 1132 83 1176 ro
96 1117 167 1176 tum
190 1132 303 1176 rursus
326 1118 433 1176 aestus
456 1114 738 1176 commutationem
762 1117 891 1176 secutus
913 1113 1010 1176 remis
1034 1120 1193 1179 conten-3

97 1219 157 1302 dit,
186 1225 222 1283 ut
249 1237 319 1282 eam
346 1224 466 1303 partem
494 1219 618 1282 insulae
647 1226 785 1302 caperet,
815 1240 880 1302 qua
908 1222 1064 1302 optimum
1097 1238 1166 1283 esse

97 1345 263 1410 egressum
286 1327 450 1409 superiore
474 1329 591 1389 aestate
615 1332 813 1408 cognoverat.
861 1347 924 1408 qua
947 1329 980 1389 in
999 1347 1033 1391 re
1058 1328 1193 1394 admo-4

98 1433 176 1497 dum
198 1434 259 1497 fuit
280 1432 420 1496 militum
444 1433 547 1496 virtus
561 1433 735 1514 laudanda,
760 1436 815 1516 qui
831 1416 984 1516 vectoriis
1000 1433 1166 1517 gravibus-

97 1560 161 1624 que
184 1540 324 1623 narigiis
352 1559 417 1603 nou
441 1540 624 1603 intermisso
653 1541 831 1624 remigandi
861 1540 969 1605 labore
997 1542 1166 1622 longarum
1191 1576 1197 1629 Η

56 1649 231 1710 lanuvium
258 1666 388 1711 cursum
419 1647 647 1728 adaequarunt.
700 1667 863 1711 accessum
892 1652 940 1711 est
973 1648 1013 1710 ad
1040 1638 1196 1731 Britan-d

95 1756 185 1818 niam
208 1754 359 1817 omnibus
382 1754 520 1818 navibus
542 1755 719 1817 meridiano
743 1755 807 1818 lere
829 1759 985 1838 tempore,
1009 1773 1115 1837 neque
1131 1734 1187 1816 iu'

96 1881 134 1925 eo
157 1861 228 1925 loco
252 1863 352 1931 hostis
376 1867 424 1926 est
446 1862 547 1941 visus3
577 1863 647 1943 sed,
670 1867 706 1924 ut
729 1866 839 1945 postea
864 1860 978 1924 Caesar
1002 1879 1043 1924 ex
1066 1862 1192 1945 capti-c

95 1970 146 2031 vis
168 1970 331 2052 cognovit,
355 1987 429 2032 cum
452 1988 588 2049 magnae
611 1988 726 2032 manus
754 1987 791 2032 eo
816 1969 1053 2049 convenissent,
1081 1969 1165 2030 nuil-

96 2076 234 2138 titudine
256 2077 389 2139 navium
411 2077 608 2159 perterritae,
632 2094 715 2158 quae
739 2094 812 2138 cum
836 2075 1000 2138 annotinis
1019 2076 1164 2157 privatis·

51 2200 82 2244 ao
96 2200 173 2265 que,
202 2201 281 2265 quas
308 2184 359 2245 sui
388 2183 525 2265 quisque
554 2182 713 2246 commodi
740 2202 837 2246 causa
864 2182 993 2264 lecerat,
1026 2183 1164 2265 amplius

95 2287 206 2353 Duco
230 2309 295 2352 uno
320 2295 410 2353 erant
432 2290 520 2352 visae
543 2296 699 2373 tempore,
727 2290 860 2353 alitore
890 2290 1100 2353 discesserant
1128 2309 1164 2352 ac

66 2414 130 2460 ase
154 2397 189 2459 in
211 2398 376 2480 superiora
399 2397 469 2459 loca
485 2396 679 2460 abdiderant.
720 2395 836 2460 Caesar
851 2398 997 2480 exposito
1021 2397 1201 2467 exercituo

96 2509 129 2567 et
147 2503 217 2566 loco
237 2505 348 2567 eastris
365 2505 481 2568 idoneo
502 2508 607 2588 capto,
624 2503 680 2567 ubi
700 2522 741 2567 ex
760 2506 894 2587 captivis
913 2504 1076 2588 cognovit,
1101 2524 1163 2586 quo

95 2611 128 2672 iu
161 2611 232 2674 loco
265 2611 404 2674 hostium
436 2612 547 2694 copiae
580 2611 812 2692 consedissent,
846 2611 1030 2674 cohortibus
1062 2611 1096 2673 X
1124 2612 1164 2674 ad

94 2736 183 2779 mare
214 2717 334 2785 relictis
367 2722 399 2781 et
431 2717 595 2799 equitibus
628 2716 715 2800 OOC,
749 2720 805 2798 qui
838 2718 995 2799 praesidio
1028 2717 1164 2781 navibus

65 2827 215 2906 cessent,
248 2824 287 2888 de
320 2825 412 2888 tertia
444 2826 555 2908 vigilia
587 2825 626 2887 ad
654 2825 760 2887 hostes
792 2824 958 2887 contendit
990 2843 1026 2887 eo
1055 2826 1163 2888 niinus

94 2932 216 2994 veritus
239 2931 389 3012 navibus),
418 2932 505 3014 quod
528 2933 561 2993 in
585 2933 678 2994 litore
706 2931 796 2993 molli
824 2937 920 3013 atque
948 2935 1055 3012 aperto
1084 2931 1163 2994 deli-

95 3043 185 3119 gatas
218 3038 257 3100 ad
290 3057 422 3102 ancoras
455 3039 663 3121 relinquebat.
714 3038 745 3101 ei
773 3038 929 3121 praesidio
963 3037 1163 3120 navibusque

93 3143 131 3220 Q.
155 3144 286 3207 Atrium
308 3145 466 3228 praefecit.
506 3147 573 3229 ipse
593 3151 689 3209 noctu
705 3163 891 3228 progressus
908 3145 995 3206 milia
1010 3164 1162 3227 passuum
1177 3168 1191 3209 a

93 3251 223 3314 circiter
244 3250 311 3315 XII
333 3252 473 3316 hostium
497 3253 829 3335 copiasfflconspicatus
853 3258 908 3314 est.
955 3251 1003 3313 illi
1018 3252 1191 3332 equitatua

184 3499 374 3570 tgererentur
393 3517 420 3563 ας
448 3499 577 3565 fierentrl
617 3501 625 3567 Η
667 3502 683 3553 6
706 3497 872 3567 relinquebat
893 3505 922 3566 β;
950 3497 1094 3567 reliquerat
1113 3519 1130 3550 a
1154 3497 1162 3569 ΗΗ

92 3588 129 3642 ad
147 3587 211 3642 solis
229 3603 352 3642 oceasum
373 3606 401 3655 ας
420 3587 483 3642 solis
503 3595 633 3654 occasuri
665 3589 673 3652 Η
706 3588 816 3641 daestu.
837 3591 895 3641 orta
915 3607 944 3654 a,
964 3591 1013 3641 est.
1038 3587 1101 3642 Oita
1119 3596 1136 3654 β
1155 3587 1162 3659 ΗΗ

95 3679 129 3731 15
147 3667 373 3746 adequanerintss
404 3677 412 3745 ΗΗ
446 3677 479 3730 18
498 3677 620 3745 cognouit
639 3695 669 3744 a,
689 3677 851 3744 eornperitss
876 3677 884 3744 ΗΗ
911 3677 945 3732 20
964 3679 1076 3745 quisque
1090 3694 1162 3731 corn-

92 3765 165 3820 modi
183 3782 263 3821 causa
281 3767 320 3820 ed.
339 3770 366 3833 13
395 3766 507 3835 quisque
526 3766 657 3820 commodi
677 3785 705 3833 ας
734 3767 864 3821 commodi
886 3767 998 3834 quisquo
1022 3782 1101 3820 causa
1119 3774 1136 3833 ft
1154 3766 1162 3838 ΗΗ

93 3855 127 3908 21
148 3855 274 3919 ,1)0000.
295 3874 317 3908 π
348 3858 357 3926 Η
390 3871 442 3908 uuo
462 3859 536 3909 eraut
553 3855 626 3908 uisae
645 3857 764 3924 tempore
784 3873 814 3924 (ις
842 3871 896 3909 una
919 3859 995 3909 erant
1017 3856 1100 3909 uisae.
1128 3857 1162 3908 ti·

92 3952 202 4012 morell

181 4053 210 4108 9.
229 4054 246 4107 ὗ
265 4053 298 4107 de
316 4059 405 4118 ona-d
436 4053 444 4120 Η
477 4051 869 4119 laneho1'asd3aneorarnu
910 4053 918 4120 ΗΗ
960 4051 983 4104 ei
1003 4050 1106 4118 It'raff.3
1136 4055 1163 4104 et

93 4140 124 4194 X
152 4141 161 4209 Η
193 4142 217 4194 7.
236 4141 254 4197 8
272 4142 438 4210 nauibusque
458 4141 488 4207 Q.
508 4141 608 4210 Na'pp.;
629 4141 767 4209 nauibusq.
786 4149 815 4208 fl,
840 4140 953 4193 nullibus
973 4140 1095 4208 quintum
1117 4160 1134 4191 a
1154 4138 1162 4210 ΗΗ

92 4228 232 4285 conciter
249 4247 302 4284 eoa.
321 4237 338 4297 β
