2806 4778
165 325 232 386 208
568 335 673 388 BELLI
692 333 835 388 GALLICI

166 500 390 580 censebantur,
414 517 630 580 numerusque
654 497 806 580 inibatur,
830 496 981 580 praefecti
1002 496 1236 560 constituebau-
1323 524 1325 547 ι

167 613 233 670 tur:
271 606 415 670 Commio
440 605 598 687 Atrebati,
631 605 832 667 Viridomaro
859 608 891 667 et
914 602 1130 686 Eporedorigi
1157 602 1236 666 Hae-

169 714 251 796 duis,
266 713 563 777 Vercassivellauno
577 713 733 793 Arverno,
750 710 942 775 consobrino
958 710 1237 793 Vercingetorigis,

139 841 295 887 asumma
317 822 443 904 imperii
467 820 608 884 traditm·.
656 819 706 882 his
734 818 849 883 delecti
876 836 918 880 ex
945 816 1132 880 civitatibus
1156 818 1238 880 attri-

141 928 328 1009 abuuntur,
353 947 490 1010 quorum
513 927 645 990 consilio
670 926 789 990 bellum
805 925 1094 988 administraretur.
1133 944 1238 988 omnes
1250 945 1270 986 a

140 1035 291 1101 calacres
315 1040 346 1098 et
368 1033 504 1097 fiduciae
528 1033 615 1116 pleni
639 1033 679 1095 ad
695 1033 837 1096 Alesiam
852 1029 1115 1114 proficiscuntur,
1139 1049 1238 1114 neque

171 1146 239 1204 erat
261 1143 405 1204 omnium
430 1141 613 1223 quisquam,
643 1141 698 1222 qui
721 1142 884 1222 aspectum
907 1138 1003 1200 modo
1028 1142 1138 1201 tantae
1162 1137 1239 1200 mul-

171 1248 321 1310 titudinis
349 1247 501 1310 sustineri
528 1265 620 1329 posse
649 1245 868 1325 arbitraretur,
895 1245 1084 1327 praesertim
1114 1245 1240 1328 ancipiti

172 1354 305 1436 proelio,
329 1373 404 1416 eum
427 1372 469 1416 ex
486 1354 601 1437 oppido
618 1355 785 1436 eruptione
800 1356 1010 1435 pugnaretur,
1034 1351 1115 1415 foris
1139 1356 1239 1416 tautae

172 1460 282 1541 copiae
306 1462 466 1541 equitatus
489 1460 713 1542 peditatusque
737 1463 951 1523 cernerentur.
1252 1478 1273 1520 a

117 1587 153 1640 77
264 1568 308 1629 At
329 1568 366 1648 ii,
396 1568 451 1648 qui
473 1566 601 1629 Alesiae
626 1565 865 1648 obsidebantur,
892 1566 1064 1648 praeterita
1087 1565 1155 1648 die,
1182 1585 1262 1647 quar

154 1674 295 1739 ‚auxilia
318 1694 449 1737 suerum
474 1678 732 1756 expectaverant,
760 1677 947 1756 consumpto
972 1673 1062 1734 omni
1085 1671 1241 1736 frumento

173 1781 280 1862 inscii,
305 1780 382 1862 quid
405 1782 440 1842 iu
455 1780 599 1843 Haeduis
614 1785 791 1863 gereretur,
816 1779 950 1842 coneilio
967 1784 1078 1842 coacto
1095 1779 1136 1843 de
1156 1780 1243 1843 exitu

146 1907 306 1955 asuerum
329 1887 528 1950 fortunarum
552 1886 782 1949 consultabant.
822 1905 858 1948 ao
879 1887 975 1949 variis
999 1885 1095 1949 dictis
1120 1890 1243 1950 senten·

175 1994 241 2075 tiis,
266 2013 401 2076 quarum
417 2013 490 2076 pars
507 1993 716 2074 deditionem,
731 2012 817 2076 pars,
838 1992 915 2055 dum
931 1993 1015 2057 vires
1031 1997 1264 2076 suppeterento

175 2102 376 2183 eruptionem
403 2099 564 2182 censebat,
592 2119 658 2162 non
686 2099 916 2182 praetereunda
944 2100 1044 2163 oratio
1071 2097 1244 2183 Critognati

176 2206 303 2270 videtur
326 2212 456 2290 propter
479 2209 548 2270 eius
571 2207 766 2290 singularem
789 2211 822 2270 et
840 2206 993 2270 nefariam
1015 2205 1243 2271 crudelitatem.

147 2313 229 2381 3hic
257 2333 381 2375 summo
413 2315 447 2375 in
476 2314 633 2376 Arvernis
666 2317 754 2376 ortus
786 2313 856 2376 loco
889 2318 921 2376 et
951 2331 1088 2396 magnae
1120 2313 1244 2377 habitus

177 2420 374 2482 auctoritatis
407 2418 523 2500 ‘nihil',
551 2420 670 2500 inquit,
699 2420 751 2482 ‘de
776 2438 885 2482 eorum
914 2419 1075 2482 sententia
1104 2420 1245 2483 dicturus

177 2544 263 2604 sum,
288 2525 343 2606 qui
368 2526 583 2607 turpissimam
608 2527 793 2589 servitutem
809 2526 981 2590 deditionis
996 2527 1128 2589 nomine
1144 2527 1246 2610 appel·
1259 2543 1279 2585 io

178 2631 258 2712 lant,
282 2650 387 2712 neque
408 2631 465 2695 hos
481 2631 645 2695 habendes
665 2634 785 2695 civium
806 2633 876 2696 loco
893 2651 999 2714 neque
1020 2632 1060 2694 ad
1077 2634 1245 2698 concilium

150 2737 376 2806 4adl1ibeudos
400 2757 519 2801 censeo.
560 2758 633 2801 cum
654 2739 704 2802 his
725 2740 803 2801 mihi
824 2759 875 2803 res
891 2745 950 2820 est,
975 2739 1033 2821 qui
1049 2742 1246 2824 eruptionem

179 2844 326 2927 probant,
360 2865 496 2927 quorum
523 2847 557 2907 in
586 2846 718 2908 consilio
747 2847 891 2909 omnium
919 2850 1063 2909 vestrum
1091 2865 1248 2910 consensu

147 2953 331 3033 spristinae
355 2951 494 3015 residere
511 2953 639 3015 uirtutis
662 2954 815 3015 memoria
831 2952 965 3015 videtur.
1001 2953 1103 3014 animi
1124 2957 1172 3017 est
1191 2955 1248 3017 ista

179 3059 326 3141 mollitia,
354 3079 421 3121 non
448 3061 562 3142 virtus,
591 3059 751 3142 paulisper
777 3060 918 3142 inopiam
944 3059 1026 3123 ferre
1054 3079 1122 3122 non
1149 3079 1247 3143 pesse.
1262 3075 1282 3118 15

180 3167 237 3246 qui
265 3186 297 3228 se
326 3166 407 3228 ultro
440 3167 534 3230 morti
567 3166 713 3247 offerant,
744 3166 871 3229 facilius
902 3166 1121 3249 reperiuntur,
1155 3186 1249 3249 quam

271 3360 376 3412 11-13
394 3359 522 3428 praetecti
540 3359 768 3413 constituebantur
786 3359 916 3414 commius
935 3359 1051 3428 atrebaS,
1072 3360 1249 3414 uiridomaius

179 3450 209 3501 et
226 3448 384 3516 eporedorix
401 3449 535 3515 haeduip
566 3449 574 3517 tt
608 3449 641 3502 12
661 3448 822 3517 eporidorige
842 3468 859 3500 u
891 3449 900 3518 ll
934 3449 966 3502 13
984 3448 1207 3503 uercassianeuno
1220 3467 1248 3515 u3

181 3536 400 3604 uergasilaunoa
432 3542 440 3604 ll
473 3537 629 3592 consubrino
649 3558 666 3589 a
698 3539 706 3607 ll
740 3538 774 3591 14
792 3537 917 3607 dilectix
948 3542 957 3606 {1
989 3554 1024 3592 ex
1043 3537 1194 3609 <omnibus>
1214 3538 1249 3592 ei·

182 3624 309 3679 vitatibus
328 3625 390 3678 HM
417 3631 426 3694 ll
460 3627 642 3693 redductan
674 3628 683 3696 ll
714 3627 807 3694 Necss
838 3628 846 3696 ll
880 3629 911 3680 17
932 3628 1010 3681 modo
1029 3635 1119 3694 ouass

272 3715 316 3769 77.
339 3716 351 3766 1
372 3714 391 3766 ii
409 3715 447 3768 ed.
467 3717 495 3783 13
518 3716 547 3768 hi
565 3716 596 3768 X
629 3717 637 3785 [Ι
675 3716 817 3770 2suorum
836 3716 970 3783 auxiliari
1011 3718 1020 3786 ll
1062 3717 1170 3786 3quod
1183 3716 1228 3787 χδ
1242 3715 1249 3786 ll

181 3802 326 3871 consiliox
363 3804 371 3871 ll
408 3807 551 3858 convocato
570 3805 680 3858 RSclra.
718 3807 726 3874 ll
763 3807 965 3860 tfoitunarum
987 3813 1134 3874 suarumss
1168 3807 1177 3875 l}
1213 3808 1251 3859 Ac

182 3892 252 3960 aba
272 3893 350 3959 Apud
369 3899 470 3960 quosss
492 3895 500 3962 [Ι
523 3895 548 3945 4.
568 3895 584 3948 5
604 3894 742 3948 sententiis
762 3895 874 3962 dictisfl
901 3896 909 3964 ΙΙ
937 3897 1119 3964 equorurnss
1151 3895 1159 3965 ΙΙ
1191 3895 1249 3950 6.7

182 3981 289 4035 uidetur
308 3981 390 4035 oratio
409 3981 582 4050 critognatiss
622 3984 630 4052 ll
672 3985 868 4051 7a1u3acss
908 3988 917 4051 ll
959 3985 991 4037 11
1013 3983 1154 4039 consilium
1172 3983 1250 4051 ΕΗθς

183 4071 267 4125 Saba.
300 4076 308 4140 [l
342 4072 383 4124 11.
404 4071 438 4124 12
457 4070 617 4126 adhibendos
636 4073 669 4125 ad
687 4072 863 4126 conciliumn
894 4077 903 4140 ll
937 4073 970 4126 12
985 4073 1126 4140 estPau13
1146 4073 1181 4128 sit
1198 4073 1228 4127 X
1242 4071 1250 4143 ll

185 4161 219 4213 14
237 4161 344 4216 uirtutis
363 4161 479 4220 residere
498 4180 521 4213 π
552 4164 561 4232 Η
595 4163 627 4216 15
646 4161 757 4215 mollitia
774 4169 803 4229 β;
823 4161 943 4216 molestia
962 4183 980 4214 u
1012 4163 1021 4228 ΙΙ
1052 4163 1169 4232 inopiam
1187 4179 1250 4232 pau·

181 4250 299 4320 lisperfl
330 4252 339 4319 ll
373 4253 406 4307 16
424 4251 611 4321 repperiuntur
630 4251 679 4320 δβς
699 4251 904 4320 retplperiantur
923 4271 940 4304 a
