2806 4778
506 331 614 385 LIBER
635 333 668 384 V.
693 332 768 386 CAP.
787 333 906 385 41-44.
1176 319 1238 380 123

124 516 153 558 ro
166 495 382 557 munitionem
409 494 616 576 perfecerunt.
667 494 799 577 reliquis
828 495 940 558 diebus
968 501 1071 559 turres
1101 496 1141 557 ad
1169 497 1267 561 alti-5

168 601 314 664 tudinem
346 601 435 682 valli,
471 601 567 665 falces
600 602 853 684 testudinesque,
892 622 970 683 quas
1005 604 1091 665 idem
1123 604 1239 686 captivi

138 708 356 788 rdoouerant,
379 727 491 790 parare
516 727 552 770 ao
573 707 677 771 facere
701 714 881 791 coeperunt.
922 707 1060 792 Septimo
1078 729 1239 792 oppugna·
1258 724 1294 779 43

167 815 264 878 tionis
288 814 339 878 die
362 816 503 877 maximo
527 819 634 878 coorto
655 820 750 878 vento
766 816 926 879 ferventes
941 815 1053 879 fusiles
1069 836 1111 879 ex
1128 816 1240 898 argilla.

168 921 301 1004 glandes
323 922 432 984 fundis
461 928 492 984 et
518 921 689 985 fervefacta
715 922 820 985 iacula
846 924 880 985 in
910 942 1011 1002 casae,
1041 941 1121 1005 qnae
1150 942 1237 985 more

169 1027 290 1091 Gallico
324 1030 505 1091 stramentis
534 1034 624 1091 erant
656 1034 771 1110 tectae,
807 1031 912 1092 iacere
948 1034 1128 1112 coeperunt.
1179 1029 1266 1092 haer

135 1135 316 1199 sceleriter
337 1135 446 1217 ignem
470 1136 780 1218 comprehenderunt
803 1140 835 1199 et
858 1137 946 1198 venti
961 1137 1181 1219 magnitudine
1205 1138 1239 1197 in

168 1260 297 1304 omnem
320 1241 426 1303 locum
450 1247 625 1304 castrorum
650 1243 851 1306 distulerunt.
889 1243 995 1306 hostes
1018 1244 1159 1306 maximo
1176 1243 1266 1306 cla-3

167 1367 256 1411 more
280 1348 376 1411 sicuti
390 1353 480 1430 parta
500 1349 564 1410 iam
581 1354 676 1430 atque
692 1349 856 1431 explorata
870 1350 1006 1412 victoria
1021 1355 1125 1412 turres
1140 1353 1238 1413 testu-

168 1455 326 1536 dinesque
350 1473 444 1537 agere
468 1461 500 1518 et
523 1455 615 1517 scalis
638 1455 759 1517 vallum
782 1456 955 1519 ascendere
980 1462 1159 1539 coeperunt.
1207 1463 1265 1520 atr

168 1566 256 1624 tanta
279 1561 417 1643 militum
439 1563 542 1626 virtus
570 1567 666 1643 atque
695 1580 732 1625 ea
759 1564 939 1644 praesentia
966 1564 1066 1624 animi
1092 1563 1165 1644 fuit,
1194 1568 1238 1643 ut,

124 1690 153 1732 ro
168 1688 243 1731 cum
265 1669 409 1750 undique
428 1668 554 1731 flamma
572 1674 769 1732 torrerentur
783 1666 987 1750 maximaque
1004 1669 1141 1733 telorum
1156 1670 1238 1732 mul-

167 1774 306 1839 titudine
336 1780 558 1859 premerentur
590 1795 712 1858 suaque
746 1777 853 1839 omnia
884 1777 1110 1859 impedimenta
1142 1781 1238 1858 atque

168 1901 279 1960 omnes
301 1882 445 1946 fortunas
468 1882 664 1965 conflagrare
691 1884 924 1965 intellegerent,
952 1902 1018 1945 non
1045 1884 1139 1946 modo
1173 1881 1237 1965 [de-

166 1989 328 2072 migrandi
351 1989 457 2074 causa]
487 1991 526 2053 de
550 1990 634 2053 vallo
659 1991 826 2054 decederet
848 2009 956 2072 nemo,
984 1991 1040 2052 sed
1067 2008 1169 2072 paene
1197 2009 1237 2052 ne

167 2097 340 2179 respiceret
364 2097 494 2177 quidem
518 2099 700 2180 quisquam,
725 2117 761 2159 ac
784 2103 854 2159 turn
873 2116 982 2160 omnes
1004 2098 1156 2160 acerrime
1174 2096 1237 2159 for-

123 2203 353 2284 rectissimeque
376 2209 564 2286 pugnarent.
610 2205 662 2266 hio
682 2205 749 2266 dies
773 2206 889 2267 nostris
909 2205 1004 2287 longe
1028 2204 1264 2287 gravissimusa

166 2308 240 2392 fuit,
264 2309 321 2372 sed
344 2316 450 2374 tamen
466 2312 553 2373 hunc
569 2311 682 2373 habuit
698 2316 859 2393 eventum,
884 2316 976 2375 uteo
1002 2312 1052 2374 die
1077 2313 1237 2373 maximus

166 2435 321 2480 numerus
344 2417 484 2480 hostium
506 2418 730 2481 vulneraretur
753 2423 848 2499 atque
871 2418 1115 2500 interficeretur,
1143 2422 1180 2479 ut
1203 2437 1236 2480 se

166 2523 227 2585 sub
251 2523 321 2607 ipso
345 2525 428 2588 vallo
457 2527 713 2608 constipaverant
740 2544 966 2607 recessumque
994 2527 1105 2608 primis
1132 2526 1237 2587 ultimi

166 2649 233 2692 non
258 2631 383 2694 dabant.
429 2632 560 2714 paulum
585 2633 713 2714 quidem
736 2633 918 2695 intermissa
945 2632 1073 2694 flamma
1101 2637 1131 2694 et
1159 2651 1264 2712 quo-o

119 2758 152 2800 ao
168 2737 242 2800 darn
269 2737 339 2801 loco
367 2740 447 2801 turri
471 2739 581 2801 adacta
609 2744 640 2801 et
668 2735 870 2822 contingente
897 2739 1019 2801 vallum
1048 2740 1156 2801 tertiae
1186 2757 1237 2800 co-

166 2844 267 2907 hortis
300 2847 502 2908 centuriones
536 2865 576 2908 ex
610 2864 646 2908 eo
681 2865 742 2928 quo
777 2844 902 2907 stabant
933 2845 1002 2908 loco
1035 2850 1238 2907 recesserunt

167 2970 308 3032 suosque
335 2972 445 3015 omnes
472 2957 691 3033 removerunt,
724 2957 805 3014 nutu
832 2952 1031 3032 vocibusque
1059 2952 1176 3033 hostes,
1210 2951 1236 3012 si

167 3059 299 3122 introire
324 3058 454 3142 vellent,
479 3079 593 3122 vocare
610 3066 804 3142 coeperuntq
822 3078 959 3141 quorum
975 3058 1122 3140 progredi
1140 3078 1236 3120 ausus

168 3169 217 3228 est
239 3184 341 3228 nemo.
388 3171 456 3229 tum
479 3186 522 3230 ex
546 3168 633 3230 omni
656 3173 745 3249 parte
769 3166 928 3248 lapidibus
952 3167 1104 3228 coniectis
1129 3165 1262 3227 detur-7

120 3291 153 3333 aa
166 3271 234 3334 bati
257 3273 418 3353 turrisque
441 3292 596 3336 succensa
619 3279 673 3336 est.

139 3398 152 3438 r
256 3377 356 3441 Erant
378 3380 411 3440 in
436 3399 474 3443 ea
495 3380 620 3462 legione
642 3380 808 3443 fortissimi
831 3382 904 3462 viri,
933 3381 1149 3461 centuriones,
1179 3381 1235 3461 qui
1253 3392 1289 3444 44

166 3486 230 3547 iam
254 3486 365 3569 primis
389 3486 556 3549 ordinibus
575 3487 878 3570 adpropinquarent,
901 3488 932 3550 Τ,
949 3486 1042 3549 Pullo
1067 3493 1099 3550 et
1121 3487 1236 3551 1110-

258 3663 291 3716 10
310 3661 470 3730 reliquisque
490 3663 583 3716 diebus
603 3682 620 3713 u
657 3662 665 3734 11
703 3664 744 3717 10,
766 3664 796 3715 11
817 3663 983 3716 latitudinem
1002 3670 1019 3729 β

254 3751 301 3806 43.
321 3751 337 3804 2
356 3751 441 3806 fusilis
461 3751 575 3818 (Helm.)
600 3752 769 3820 OWupener3
789 3752 900 3804 fusiliX
934 3751 941 3823 11
979 3753 994 3805 3
1014 3753 1102 3804 fundis
1121 3770 1173 3805 om.
1193 3759 1210 3818 β
1228 3752 1236 3823 11

164 3839 252 3894 iacula
270 3840 450 3908 feruefactap
486 3840 493 3911 11
534 3841 679 3908 4Haecfl
715 3840 723 3913 11
760 3843 902 3894 domnam
923 3841 1236 3913 0113110111111100111111111

164 3929 280 3983 isicuii
300 3930 395 3998 (secuti
416 3931 447 3998 S)
468 3950 496 3997 u;
514 3931 627 3984 insecuti
645 3932 756 3999 quasip
793 3930 800 4000 11
837 3931 908 3983 ant
926 3931 951 3998 f3
971 3933 1011 3984 Ac
1029 3932 1060 3984 X
1094 3931 1101 4002 11
1140 3932 1236 3985 101111-

163 4019 247 4086 dique
265 4026 294 4086 β;
313 4018 411 4087 ubique
431 4039 448 4070 a
485 4018 492 4089 11
531 4019 572 4071 12.
593 4021 626 4073 13
646 4020 810 4089 demigrandi
826 4020 968 4073 oausadcl.
987 4020 1131 4073 Gitlbcucr
1162 4018 1170 4090 11
1203 4020 1235 4074 16

163 4123 197 4161 eo
216 4108 258 4162 die
277 4109 326 4162 del.
346 4108 471 4162 Promm.
510 4108 518 4179 11
556 4109 590 4162 20
609 4110 708 4161 adacta.
738 4109 955 4176 contingentesp
991 4109 999 4178 11
1037 4110 1070 4162 22
1091 4109 1148 4178 <ao>
1170 4111 1237 4161 nutu

165 4197 214 4250 Sta
234 4197 259 4251 b.

212 4215 232 4265 p
257 4289 302 4342 44.
323 4287 339 4340 2
357 4287 410 4342 iam
429 4304 481 4340 om.
503 4307 520 4338 u
553 4288 561 4355 11
593 4287 671 4340 Pulio
691 4288 819 4356 (semper)
840 4286 927 4355 Nc'pp.
