2806 4778
476 334 582 387 LIBER
600 333 660 386 VII.
681 333 756 387 enP.
778 333 895 387 27-30.
1155 319 1216 380 177

102 521 129 564 ao
146 497 378 580 ducendosque
407 497 447 559 ad
475 516 549 561 suos
578 497 714 578 curavit,
743 515 825 579 quae
854 497 969 578 cuique
997 496 1119 558 civitati
1146 514 1219 579 pars

147 608 326 668 castrorum
350 604 389 666 ab
413 603 708 672 initio.obvenerat.
1218 659 1220 663 ,

115 735 130 777 r
239 711 371 775 Postero
395 712 446 774 die
470 711 604 773 concilio
629 701 803 773 convocato
827 710 1008 773 consolatus
1024 710 1219 773 cohortatus·
1237 718 1274 774 29

148 838 213 901 que
238 823 298 899 est,
322 836 362 880 ne
386 837 420 880 se
444 817 616 879 admodum
640 818 745 879 animo
771 816 975 880 demitterent
998 836 1079 880 neve
1095 822 1219 899 pertur-

148 926 303 988 barentur
325 925 536 988 incommodo.
582 943 647 986 non
671 925 787 986 virtute
814 942 920 1006 neque
948 924 980 986 in
1010 925 1076 987 acie
1105 924 1247 990 vicisses

147 1033 323 1114 Ronlanos,
347 1033 403 1095 sed
427 1030 560 1094 artificio
586 1030 723 1111 quodam
747 1035 779 1094 et
802 1032 936 1093 scientia
964 1032 1219 1113 oppugnationis,

117 1139 244 1204 conius
271 1139 320 1201 rei
345 1138 467 1200 fuerint
493 1139 554 1220 ipsi
582 1138 730 1220 imperiti.
782 1157 900 1218 errare,
933 1139 960 1200 si
989 1139 1045 1219 qui
1073 1139 1108 1200 in
1135 1138 1247 1206 bellos

150 1265 263 1308 omnes
291 1246 448 1308 secundos
475 1264 583 1307 rerum
610 1249 783 1327 proventus
812 1249 988 1327 expectent.
1034 1245 1095 1307 sibi
1128 1265 1248 1311 num-4

151 1372 250 1435 quam
272 1353 430 1435 placuisse
456 1352 628 1414 Avaricum
654 1350 793 1431 delendi,
822 1352 913 1414 ouius
937 1353 983 1414 rei
1012 1356 1107 1415 testes
1135 1353 1220 1434 ipsos

150 1459 295 1541 haberet,
319 1460 374 1522 sed
399 1459 518 1522 factum
541 1458 757 1541 imprudentia
781 1458 965 1541 Biturigum
989 1463 1021 1522 et
1044 1459 1143 1521 nimia
1166 1459 1221 1522 ob·

150 1567 320 1648 sequentia
347 1566 558 1648 reliquorum,
586 1566 635 1627 uti
663 1565 722 1628 hoo
750 1565 988 1628 incommodum
1016 1567 1220 1648 acciperetur.

107 1694 136 1737 10
150 1673 186 1736 id
218 1678 325 1736 tamen
358 1692 392 1736 se
425 1673 570 1736 celeriter
604 1672 778 1735 maioribus
816 1673 989 1735 commodis
1026 1677 1248 1739 sanaturums

150 1800 227 1842 nam
252 1800 332 1862 quae
356 1780 395 1842 ab
419 1780 549 1861 reliquis
574 1779 672 1842 Gallis
689 1780 832 1842 civitates
850 1779 1067 1859 dissentirent,
1090 1780 1147 1842 has
1163 1799 1249 1846 suae

153 1887 319 1970 diligentia
342 1887 571 1949 adiuncturum
594 1891 689 1968 atque
712 1904 816 1947 unum
840 1886 1008 1947 consilium
1033 1887 1131 1948 totius
1147 1886 1221 1949 Gal·

151 1995 214 2057 liae
239 1994 440 2075 effecturum,
464 1994 555 2056 cuius
571 1993 742 2056 consensui
758 2011 798 2055 ne
815 1991 900 2055 orbis
917 1992 1047 2074 quidem
1065 1997 1222 2055 terrarum

152 2102 255 2184 possit
279 2101 446 2180 obsistere,
470 2101 569 2182 idque
593 2119 627 2163 se
651 2118 747 2182 prope
766 2100 830 2163 iam
847 2098 993 2162 effectum
1009 2099 1133 2162 habere.
1173 2101 1249 2166 iri-r

111 2227 137 2269 15
152 2213 241 2271 terea
264 2227 402 2291 aequum
427 2227 494 2270 esse
519 2207 557 2269 ab
585 2207 624 2269 iis
653 2207 833 2269 communis
861 2207 972 2269 salutis
1000 2226 1096 2269 causa
1123 2207 1222 2289 impe-

152 2316 244 2396 trari,
267 2320 304 2377 ut
319 2320 421 2377 castra
437 2316 562 2377 munire
578 2314 792 2394 instituerent,
817 2333 880 2395 quo
899 2313 1024 2377 facilius
1039 2314 1222 2396 repentinos

126 2422 295 2485 rhostium
317 2423 455 2504 impetus
479 2422 635 2484 sustinere
660 2426 796 2502 possent.
844 2421 918 2484 Fuit
941 2421 1018 2484 haec
1035 2423 1134 2484 oratio
1158 2442 1222 2484 non
1241 2435 1278 2491 so

153 2530 280 2612 ingrata
304 2527 416 2609 Gallis,
440 2533 472 2591 et
493 2529 633 2591 maxime
658 2527 743 2610 quod
765 2529 834 2610 ipse
855 2529 960 2591 animo
981 2547 1045 2591 nou
1067 2528 1224 2592 defecerat

153 2640 242 2698 tanto
266 2641 394 2718 accepto
418 2635 618 2698 incommodo
644 2652 748 2716 neque
774 2633 838 2718 <se>
865 2635 899 2697 in
919 2635 1078 2697 occultum
1094 2635 1223 2699 abdide-

153 2746 204 2805 rat
236 2747 268 2806 et
299 2746 505 2824 conspectum
532 2740 749 2803 multitudinis
776 2742 913 2824 fugerat,
946 2741 1083 2823 plusque
1116 2743 1250 2805 animoa

124 2849 323 2932 aprovidere
351 2854 383 2912 et
410 2848 605 2931 praesentire
634 2847 890 2927 existimabatur,
924 2847 1009 2930 quod
1037 2867 1071 2910 re
1100 2848 1224 2929 integra

154 2956 259 3039 primo
274 2955 513 3018 incendendum
529 2955 717 3034 Avaricum,
733 2959 805 3036 post
820 2954 1033 3016 deserendum
1049 2959 1223 3017 censuerat.

153 3064 264 3144 itaque
293 3066 328 3124 ut
350 3062 548 3143 reliquorum
575 3063 802 3144 imperatorum
829 3079 880 3123 res
909 3060 1060 3124 adversae
1089 3061 1252 3126 auctori-a

155 3173 253 3231 tatem
276 3170 439 3251 minuunt,
463 3170 508 3233 sic
525 3169 619 3231 huius
636 3188 677 3231 ex
693 3167 853 3230 contrario
871 3166 1007 3250 dignitas
1022 3168 1224 3231 incommodo

156 3280 286 3358 accepto
309 3278 342 3338 in
367 3277 435 3340 dies
458 3275 641 3360 augebatur.
688 3275 792 3351 simul¹
806 3275 838 3336 in
863 3293 950 3356 spem
971 3274 1141 3337 veniebant
1156 3277 1225 3338 eius

112 3401 141 3444 ιο
156 3381 379 3446 adfirmatione
404 3383 442 3446 de
465 3383 598 3465 reliquis
622 3381 834 3465 adiungendis
850 3381 1047 3462 civitatibus,
1069 3382 1252 3463 primum-4

157 3509 220 3572 que
248 3509 285 3552 eo
309 3494 450 3572 tempore
479 3489 562 3553 Galli
590 3494 692 3552 castra
719 3489 844 3551 munire
871 3488 1090 3568 instituerunt,
1120 3494 1151 3552 et
1179 3489 1225 3552 sic

248 3755 282 3810 20
301 3755 405 3809 curauit
422 3754 507 3822 RMy,
527 3757 632 3807 curaret
650 3753 680 3807 X

247 3871 293 3925 29.
314 3870 330 3923 2
348 3871 511 3924 dimitterent
534 3870 590 3939 Spf
621 3872 629 3939 ll
665 3886 733 3922 neue
751 3877 779 3937 p,
803 3886 836 3923 ne
856 3890 873 3921 e
910 3871 918 3938 ll
956 3871 1163 3925 reseraturum
1187 3870 1226 3936 X3

158 3960 295 4013 sciturum
312 3960 401 4014 Beati.
435 3961 443 4029 ll
477 3962 508 4012 11
528 3977 590 4012 nam
609 3975 676 4027 quae
700 3957 760 4027 (β)
780 3959 860 4026 ed.1;
880 3976 992 4028 namque
1013 3958 1118 4029 rpem)
1151 3960 1159 4027 ll
1193 3959 1226 4011 13

158 4064 325 4119 consensup
357 4049 366 4118 ll
404 4050 437 4101 14
456 4050 546 4116 posset
565 4047 627 4099 HM
658 4049 666 4117 ll
705 4050 737 4102 15
756 4047 798 4101 his
818 4048 854 4115 cf
886 4049 894 4112 ll
933 4049 972 4102 16.
995 4050 1026 4100 17
1046 4048 1162 4101 hostium
1185 4063 1227 4099 re-

158 4131 314 4206 pentinosfl
345 4139 354 4207 ΙΙ
388 4139 419 4189 17
439 4137 569 4190 sustinere
588 4138 697 4204 possent
714 4143 742 4204 ss,
762 4137 925 4190 sustinerent
943 4156 960 4187 α

248 4255 294 4309 30.
314 4254 331 4307 2
350 4257 377 4307 ct
395 4269 447 4306 om.
466 4260 483 4320 β
515 4253 523 4320 ll
556 4254 572 4306 3
591 4269 620 4306 se
639 4253 700 4306 odd.
720 4253 759 4306 ed.
780 4255 794 4305 1

205 4357 313 4404 Caesari
328 4359 362 4402 ed.
378 4358 469 4402 Meusel.
