2806 4778
236 316 275 378 10
634 332 738 386 eninr
758 332 899 386 einrici

180 501 215 555 15
233 495 364 559 Postero
389 495 440 559 die
464 504 566 558 castra
594 513 636 558 ex
664 514 701 558 eo
729 495 799 558 loco
829 504 964 558 movent.
1011 496 1098 558 idom
1126 496 1200 558 facit
1224 495 1328 562 Cae-1

234 622 285 665 sar
308 602 550 683 equitatumque
574 620 715 683 omnem,
739 602 779 664 ad
801 621 973 664 numerum
998 607 1147 683 quattuor
1166 602 1301 682 milium,

235 727 329 790 quem
357 727 399 771 ex
427 710 515 770 omni
541 709 707 791 provincia
729 714 761 772 et
783 708 926 772 Haeduis
951 715 1047 791 atque
1071 727 1182 771 eorum
1205 710 1301 772 sociis

234 820 379 878 coactum
402 815 550 895 habebat,
573 816 759 898 praemittit,
783 816 839 897 qui
862 815 1004 896 videant,
1033 834 1112 896 quas
1137 817 1170 877 in
1194 822 1302 898 partes

206 922 338 985 ahostes
365 923 427 985 iter
448 922 572 985 faciant.
621 923 676 1006 qui
699 922 847 1005 cupidius
870 924 1080 985 novissimum
1108 942 1221 1005 agmen
1250 925 1329 990 in-5

233 1031 334 1093 secuti
369 1029 473 1092 alieno
505 1029 575 1091 loco
611 1049 686 1093 cum
718 1031 863 1110 equitatu
891 1029 1111 1092 Helvetiorum
1144 1031 1303 1112 proelium

207 1137 447 1213 scommittunt3
472 1142 503 1198 et
525 1137 619 1218 pauci
643 1137 682 1199 de
701 1138 818 1199 nostris
837 1137 962 1199 cadunt.
1000 1155 1063 1216 quo
1087 1137 1205 1218 proelio
1225 1137 1302 1200 sub-

232 1242 289 1304 lati
308 1241 464 1325 Helvetii,
489 1242 575 1323 quod
599 1244 782 1327 quingentis
801 1243 965 1324 equitibus
984 1249 1104 1305 tantam
1123 1243 1302 1306 multitudi-

233 1368 307 1412 nem
332 1351 477 1431 equitum
501 1349 717 1432 propulerant,
743 1351 896 1414 audacius
920 1351 1091 1414 subsistere
1116 1372 1180 1414 non
1206 1371 1303 1413 num-

234 1476 329 1539 quam
358 1463 389 1520 et
412 1457 585 1519 novissimo
610 1459 736 1539 agmine
758 1457 879 1540 proelio
904 1464 1027 1520 nostros
1050 1458 1205 1522 lacessere
1229 1477 1303 1521 coe·
1319 1485 1346 1525 ro

206 1573 356 1647 rperunt.
393 1562 507 1627 Caesar
529 1583 605 1626 suos
629 1585 647 1626 a
665 1564 785 1646 proelio
810 1565 993 1627 continebat
1016 1584 1052 1627 ao
1071 1567 1146 1628 satis
1165 1564 1304 1627 habebat

233 1672 268 1733 in
291 1673 469 1754 praesentia
492 1671 616 1733 hostem
643 1673 763 1754 rapinis
796 1670 1092 1755 [pabiuanonibus]
1124 1672 1303 1754 populatio-

207 1778 392 1860 enibusque
428 1777 605 1861 prohibere.
661 1780 705 1840 ita
744 1779 810 1842 dies
848 1780 973 1843 circiter
1008 1779 1074 1842 XV
1116 1781 1178 1841 iter
1218 1777 1304 1841 fece-

233 1892 320 1967 runt,
352 1886 401 1948 uti
431 1887 515 1948 inter
541 1887 752 1948 novissimum
783 1887 925 1950 hostium
956 1906 1069 1970 agmen
1099 1892 1130 1949 et
1157 1892 1304 1948 nostrum

233 1992 373 2075 primum
401 2013 467 2056 non
495 1993 631 2074 amplius
660 1994 766 2074 quinis
795 2000 849 2056 aut
877 1994 962 2055 senis
990 1994 1120 2056 milibus
1147 2013 1304 2075 passuum
1322 2021 1347 2062 15

232 2100 408 2163 interesset.

179 2218 215 2273 16
321 2206 455 2269 Interim
487 2207 601 2270 cotidie
636 2207 750 2270 Caesar
781 2206 934 2270 Haeduos
967 2206 1176 2289 frumentum,
1214 2209 1333 2288 quodr

206 2322 339 2378 aessent
372 2312 500 2396 publice
534 2315 679 2396 polliciti,
720 2312 870 2395 flagitare.
922 2333 997 2376 nam
1030 2321 1156 2396 propter
1183 2314 1305 2395 frigora

235 2421 332 2505 [quod
349 2421 453 2484 Gallia
471 2420 531 2483 sub
556 2420 838 2503 septentrionibus,
862 2429 897 2483 ut
920 2427 992 2482 ante
1016 2421 1136 2483 dictum
1160 2428 1218 2499 est,
1245 2441 1305 2504 po-

234 2529 294 2591 sita
317 2525 390 2610 est,]
414 2547 479 2590 non
500 2528 595 2590 modo
618 2527 776 2591 frumenta
798 2529 832 2588 in
856 2527 941 2609 agris
965 2533 1090 2589 matura
1113 2547 1178 2589 non
1202 2536 1305 2608 erant,

206 2636 290 2699 esed
316 2654 358 2697 ne
385 2634 496 2717 pabuli
522 2635 650 2716 quidem
672 2636 747 2697 satis
770 2653 886 2716 magna
914 2635 1006 2716 eopia
1029 2634 1228 2716 suppetebat,
1264 2654 1334 2703 eor,

234 2748 341 2806 autem
363 2742 537 2821 frumento,
567 2742 652 2822 quod
672 2741 803 2805 flumine
824 2742 920 2803 Arari
944 2741 1079 2803 navibus
1101 2741 1304 2823 subvexerat,

233 2857 398 2934 propterea
420 2849 469 2910 uti
491 2849 598 2911 minus
620 2853 754 2931 poterat,
779 2848 864 2930 quod
889 2849 950 2912 iter
978 2848 1017 2910 ab
1041 2849 1136 2910 Arari
1158 2847 1305 2911 Helvetii

206 2963 425 3038 reverterant,
449 2976 467 3017 a
491 2955 607 3036 quibus
631 2954 792 3018 discedere
815 2956 950 3018 nolebat.
994 2956 1079 3017 diem
1103 2973 1144 3016 ex
1168 2955 1218 3017 die
1244 2954 1304 3017 du-

206 3081 305 3126 scere
329 3062 468 3126 Haedui:
494 3063 644 3143 conferri,
667 3064 866 3144 comportari,
891 3063 1002 3125 edesse
1027 3063 1138 3124 dicere.
1188 3061 1242 3124 ubi
1268 3082 1304 3125 se

234 3170 354 3233 diutius
374 3170 448 3232 duci
466 3169 625 3232 intellexit
644 3175 675 3232 et
694 3169 778 3231 diem
795 3171 925 3249 instare,
951 3188 1014 3251 quo
1035 3169 1085 3232 die
1104 3170 1305 3232 frumentum
1321 3197 1349 3238 10

233 3276 387 3339 militibus
410 3277 516 3339 metiri
544 3284 714 3359 oporteret,
742 3276 923 3337 convocatis
952 3294 1064 3337 eornm
1091 3274 1304 3359 principibus,

235 3402 371 3465 quorum
393 3402 540 3466 magnam
565 3385 689 3465 copiam
711 3384 744 3443 in
768 3383 879 3444 castris
903 3381 1052 3461 habebat,
1079 3384 1115 3443 in
1139 3383 1188 3443 his
1212 3381 1305 3444 Divi-

234 3492 319 3553 ciaco
349 3496 380 3553 et
406 3489 512 3572 Lisci),
546 3490 602 3571 qui
635 3508 758 3551 summo
786 3489 985 3570 magistratui
1015 3496 1171 3570 praeerat,
1206 3508 1305 3569 quem

233 3597 457 3679 vergobretum
490 3597 649 3679 appellant
681 3593 821 3674 Haedui,
859 3596 916 3675 qui
949 3603 1074 3657 creatur
1107 3615 1233 3656 annuus
1272 3606 1305 3659 et

234 3705 316 3765 vitae
339 3705 491 3784 necisque
512 3704 547 3764 in
570 3722 644 3764 suos
668 3700 762 3764 habet
785 3710 984 3783 potestatem,
1012 3704 1151 3784 graviter
1175 3721 1227 3765 eos
1252 3722 1303 3765 ac·
1320 3730 1346 3771 15

207 3817 336 3890 scusat,
361 3810 459 3890 quod,
483 3829 556 3871 cnm
580 3827 684 3887 neque
708 3810 771 3870 emi
795 3827 899 3890 neque
919 3828 961 3869 ex
983 3810 1066 3890 agris
1090 3810 1175 3871 sumi
1193 3812 1303 3891 possit,

322 4004 367 4056 15.
387 4001 658 4068 llaproeliosuosn
691 4000 699 4071 11
733 4002 766 4052 12
781 4001 991 4069 pabulationibus
1002 4003 1051 4054 del.
1062 4002 1124 4056 Ala.
1153 4001 1160 4071 11
1196 4003 1303 4056 1411111

322 4092 367 4146 16.
382 4091 430 4144 3.4
444 4091 513 4159 quod
524 4090 608 4144 Galba
619 4131 713 4143 ......
724 4090 809 4157 posita
819 4096 860 4142 cst
872 4091 921 4143 dcl.
935 4092 1054 4144 Sclrr'ller
1068 4090 1075 4161 11
1090 4094 1106 4144 b·
1122 4096 1146 4143 ct
1161 4093 1175 4142 7
1190 4093 1258 4144 arari
1272 4111 1302 4160 n3

233 4199 306 4235 arare
325 4180 355 4233 X
388 4178 396 4250 11
435 4182 467 4232 13
487 4184 607 4247 praeerat
624 4179 775 4246 Nicasius,
800 4184 940 4247 praeerant
958 4180 988 4231 X
1026 4180 1033 4248 11
1076 4181 1109 4233 16
1129 4180 1212 4247 possit
1231 4180 1294 4234 HM
1297 4202 1303 4249 3

232 4276 322 4339 posset
341 4270 380 4336 X3
405 4269 488 4337 possit
506 4270 669 4321 frumentum
687 4267 714 4320 D
