2806 4778
251 305 312 366 140
649 319 754 373 BELLI
773 317 916 372 GALLICI

249 482 426 545 Cheruscos
450 481 488 544 ab
513 481 690 545 Sueborum
714 481 901 562 Suebosque
921 480 960 544 ab
977 479 1214 544 Cheruscorum
1237 482 1319 543 iniu-

248 590 304 651 riis
331 588 632 670 incursionibusque
664 588 846 670 prohibere:
882 587 920 650 ad
954 589 1023 651 eius
1056 587 1157 650 silvae
1192 588 1317 649 initium

249 694 371 759 Suebos
395 696 569 759 adrentum
592 694 809 758 Romanorum
835 700 1001 778 expectare
1026 695 1240 757 constituisse.
1331 717 1355 758 ao

194 811 228 864 11
338 801 496 877 Quoniam
521 803 561 864 ad
577 803 662 865 hunc
678 803 783 865 locum
807 807 995 885 perventum
1011 806 1071 882 est,
1095 820 1163 863 nou
1180 800 1341 865 alienum1

248 928 317 972 esse
350 910 477 972 videtur
509 909 547 972 de
582 909 701 972 Galliae
735 909 987 990 Germaniaeque
1019 906 1163 971 moribus
1197 912 1229 970 et
1257 927 1317 989 quo

221 1016 395 1082 adifferant
426 1016 485 1079 hae
518 1017 661 1078 nationes
693 1018 776 1079 inter
809 1034 877 1079 sese
911 1034 1096 1098 proponere.
1148 1015 1185 1076 in
1219 1012 1318 1076 Gallia

249 1142 313 1185 non
337 1123 441 1186 solum
463 1124 498 1184 iu
523 1122 671 1185 omnibus
695 1122 876 1185 civitatibus
893 1127 988 1203 atque
1003 1123 1039 1184 in
1063 1121 1215 1184 omnibus
1231 1122 1317 1204 pagis

248 1228 468 1312 partibusque,
493 1229 549 1291 sed
567 1248 667 1312 paene
684 1232 780 1293 etiam
797 1231 832 1292 in
848 1229 984 1311 singulis
1000 1228 1149 1291 domibus
1165 1229 1342 1292 factionesa

220 1342 335 1418 esunt,
368 1355 542 1418 earumque
574 1337 748 1399 factionum
777 1337 936 1419 principes
965 1341 1040 1399 sunt
1072 1338 1129 1418 qui
1161 1356 1317 1399 summam

249 1443 468 1506 auctoritatem
493 1462 601 1506 eorum
627 1443 747 1506 iudicio
771 1443 888 1507 habere
912 1444 1152 1525 existimantur,
1181 1463 1316 1524 quorum

249 1550 289 1613 ad
313 1548 480 1612 arbitrium
503 1550 725 1632 iudiciumque
742 1571 867 1613 summa
883 1551 1026 1613 omnium
1045 1569 1154 1613 rerum
1171 1550 1317 1613 consilio·

220 1676 383 1739 irumqne
406 1657 522 1720 redeat.
568 1656 666 1738 idque
691 1657 760 1720 eius
787 1659 834 1719 rei
858 1676 954 1720 causa
982 1656 1162 1739 antiquitus
1191 1658 1317 1721 institn-

249 1768 315 1826 tum
340 1762 480 1844 videtur,
503 1782 544 1825 ne
569 1764 640 1845 quis
664 1763 820 1846 explebe
845 1769 955 1827 contra
970 1765 1182 1847 potentiorem
1206 1765 1353 1827 auxiliiro

248 1875 367 1954 egeret3
393 1890 468 1956 suos
496 1871 582 1933 eninr
611 1872 746 1952 quisque
775 1872 912 1954 opprimi
940 1877 971 1934 et
999 1872 1227 1934 circumveniri
1255 1891 1316 1933 non

247 1979 380 2060 patitur,
408 1996 525 2058 neque,
558 1977 650 2041 aliter
677 1979 704 2040 si
731 1977 837 2059 faciat,
865 1978 964 2041 ullam
992 1979 1075 2041 inter
1102 1997 1178 2042 suos
1207 1976 1318 2040 habeat

221 2086 476 2149 tauctoritatem.
524 2084 601 2147 haec
626 2085 736 2147 eadem
760 2085 842 2147 ratio
866 2090 915 2148 est
936 2086 972 2147 in
991 2103 1116 2147 summa
1131 2086 1231 2148 totius
1248 2084 1316 2147 Gal-

249 2192 324 2270 liae3
349 2210 488 2272 namque
513 2209 623 2254 omues
647 2192 790 2255 civitates
816 2192 936 2255 divisae
961 2197 1036 2255 sunt
1057 2193 1090 2254 in
1109 2191 1189 2255 duas
1206 2196 1315 2274 partes.

194 2314 229 2368 12
249 2295 328 2359 (lum
353 2297 469 2360 Caesar
492 2299 525 2359 in
551 2297 686 2360 Galliam
710 2300 811 2378 venit,
834 2299 964 2362 alterius
986 2299 1135 2361 factionis
1158 2299 1340 2381 principesr

221 2409 338 2468 serant
365 2403 506 2484 Haedui,
539 2404 669 2467 alterius
698 2403 848 2486 Sequani.
899 2406 932 2468 hi
960 2425 1033 2469 cum
1061 2424 1118 2489 per
1145 2424 1179 2468 se
1211 2407 1316 2468 minus

248 2510 403 2592 valerent,
429 2511 515 2591 quod
538 2531 662 2574 summa
685 2514 855 2576 auctoritas
879 2514 1057 2594 antiquitus
1085 2513 1212 2576 eratin
1234 2510 1317 2574 Hae-

249 2617 321 2679 duis
345 2637 543 2700 magnaeque
567 2637 677 2681 eorum
701 2625 792 2683 erant
815 2620 993 2701 clientelae,
1022 2619 1198 2683 Germanos
1223 2624 1316 2699 atque

248 2725 448 2788 Ariovistum
471 2725 532 2788 sibi
556 2725 770 2789 adiunxerant
793 2745 911 2807 eosque
935 2726 975 2789 ad
999 2746 1031 2790 se
1047 2727 1172 2809 magnis
1187 2727 1341 2789 iacturiss

220 2831 596 2915 apollicitationibusquc
620 2833 842 2915 perduxerant.
888 2834 1019 2917 proeliis
1047 2852 1122 2896 vero
1148 2833 1317 2916 compluri-

248 2938 308 3002 bus
331 2940 422 3003 factis
446 2940 594 3003 secundis
618 2945 712 3022 atque
737 2941 824 3002 omni
848 2940 1013 3004 nobilitate
1035 2939 1246 3002 Haeduorum
1270 2940 1317 3002 in·

248 3046 379 3110 terfecta
401 3052 524 3109 tantum
547 3049 687 3129 potentia
711 3052 955 3131 antecesserant,
979 3052 1016 3109 ut
1030 3066 1180 3130 magnam
1196 3051 1317 3130 partem

220 3153 414 3218 salientium
439 3153 478 3215 ab
501 3153 645 3216 Haeduis
669 3154 707 3216 ad
733 3173 766 3217 se
790 3153 991 3217 traducerent
1007 3153 1196 3235 obsidesque
1213 3153 1252 3216 ab
1269 3153 1317 3215 his

248 3260 433 3341 principum
455 3259 539 3323 filios
563 3263 744 3343 acciperent
759 3266 790 3325 et
805 3261 933 3344 publice
948 3262 1054 3324 iurare
1071 3265 1224 3344 cogerent
1238 3259 1317 3322 nihil
1330 3275 1355 3317 1o

249 3384 282 3427 se
314 3372 425 3429 contra
457 3366 621 3448 Sequanos
649 3368 775 3430 consilii
806 3369 943 3430 inituros
975 3374 1007 3431 et
1034 3372 1157 3449 partem
1189 3365 1318 3429 finitimi

249 3474 316 3555 agri
339 3493 396 3555 per
417 3475 484 3537 vim
500 3479 686 3558 occupatam
702 3473 902 3557 possiderent
917 3473 1102 3555 Galliaeque
1118 3475 1216 3537 totius
1233 3476 1317 3557 prin-

340 3702 372 3756 18
391 3711 441 3770 αβ
473 3705 481 3772 ll
513 3704 661 3758 Sueborum
685 3703 789 3772 Oiacc.;
809 3704 898 3758 suebis
917 3703 1017 3773 (suauis
1036 3703 1136 3770 71le
1165 3705 1174 3773 ll
1206 3719 1318 3758 sueuos-

248 3799 335 3859 queri
367 3794 375 3860 ll
408 3792 601 3847 Cheruscorum
625 3792 729 3858 Oiccc.;
749 3793 884 3847 cheruscis
897 3793 927 3846 X
957 3794 965 3862 ll
999 3794 1032 3846 19
1045 3793 1102 3847 eius
1114 3792 1220 3846 initium
1234 3793 1319 3847 siluae

249 3900 266 3932 a
298 3881 307 3949 ll
340 3882 374 3937 20
393 3889 524 3948 sueuospl

337 3973 383 4025 11.
403 3973 419 4024 5
438 3971 611 4039 partibusque
630 3972 679 4024 del.
699 3971 796 4025 Dacis.
831 3975 838 4042 ll
871 3973 1008 4026 inomao
1041 3972 1049 4040 ll
1082 3973 1174 4028 dsunt
1186 3972 1319 4040 principes

248 4061 285 4114 ab
317 4062 325 4130 ll
358 4061 471 4128 9idque
491 4067 519 4126 513
537 4058 632 4128 ltaque
647 4080 663 4111 a
696 4062 704 4130 {l
738 4061 771 4113 12
790 4062 888 4115 faciant
900 4069 917 4128 β
948 4064 957 4126 ll
989 4062 1086 4115 habeat
1104 4060 1219 4129 Wbittc3
1238 4061 1320 4114 habet

247 4150 278 4204 X
307 4152 315 4219 ll
349 4151 383 4202 14
402 4150 429 4202 in
448 4152 536 4217 partes
556 4149 656 4203 diuisae
675 4155 739 4227 sunt
757 4152 822 4204 duas
842 4170 858 4201 α

338 4240 383 4295 12.
402 4240 420 4291 4
439 4241 515 4292 erant
533 4256 585 4292 om.
604 4246 621 4306 β
654 4239 662 4307 ll
696 4239 729 4292 12
749 4241 903 4307 occupatam
924 4239 967 4307 αἶς
986 4241 1145 4306 occupatum
1162 4245 1179 4305 β
