2806 4778
249 329 311 389 158
648 339 754 394 BELLI
773 338 915 393 GALHCI

218 507 396 570 aexercitu.
443 506 489 567 sic
506 505 650 566 omnium
668 504 791 566 animos
807 504 903 565 timor
919 505 1142 585 occupaverat,
1167 506 1203 562 ut
1218 518 1319 583 paene

246 612 382 675 alienata
413 617 519 675 mente
553 611 665 674 deletis
698 609 846 673 omnibus
879 610 979 691 copiis
1007 609 1186 690 equitatum
1215 627 1248 670 se
1277 627 1316 670 cx

244 720 321 802 fuga
344 719 499 803 recepisse
524 719 665 780 dicerent
687 736 793 799 neque
809 716 964 779 incolumi
979 716 1125 778 exercitu
1142 714 1315 778 Germanos
1329 736 1355 777 ro

218 831 348 891 acastre
372 832 609 910 oppugnaturos
636 824 734 888 fuisse
758 823 996 887 contenderent.
1047 841 1144 904 quem
1170 822 1314 884 timorem

191 948 227 1003 42
246 934 389 997 Caesaris
422 933 579 995 adventus
611 931 748 994 sustulit.
798 930 957 993 Reversus
988 929 1044 992 ille
1077 933 1214 992 eventus
1241 928 1338 992 beliir

245 1060 311 1103 non
335 1041 487 1123 ignorans
509 1058 625 1119 unum,
650 1038 736 1119 quod
760 1037 905 1100 cohortes
928 1056 970 1099 ex
985 1037 1121 1098 statione
1146 1041 1178 1098 et
1199 1037 1314 1118 praest-¹

247 1148 299 1210 dic
324 1152 429 1209 essent
453 1147 600 1226 emissae,
625 1150 756 1228 questus
773 1183 814 1190 —
831 1164 871 1208 ne
895 1145 1064 1212 minimum
1083 1143 1213 1224 quidem
1231 1143 1314 1205 casui

245 1254 352 1317 locum
377 1253 516 1334 relinqui
540 1252 687 1315 debuisse
704 1289 744 1297 —
763 1251 901 1314 multum
916 1251 1076 1313 fortunam
1098 1251 1134 1311 in
1149 1251 1313 1332 repentino

220 1361 385 1426 ahostium
409 1358 550 1421 adventu
572 1359 714 1440 potuisse
737 1358 905 1438 iudicavit,
927 1358 1028 1420 multo
1053 1357 1151 1421 etiam
1172 1356 1340 1439 ampliusa

248 1466 333 1549 quod
360 1485 461 1548 paene
494 1464 533 1528 ab
561 1466 630 1547 ipso
659 1465 742 1527 vallo
770 1465 933 1547 portisque
962 1469 1138 1527 castrorum
1166 1462 1315 1525 barbaros

219 1574 421 1640 cavertisset.
469 1591 605 1653 quarum
629 1573 773 1634 omnium
797 1591 906 1635 rerum
928 1573 1070 1634 maxime
1094 1571 1314 1633 admirandum

245 1679 425 1761 videbatur,
451 1679 536 1760 quod
561 1666 805 1760 Germani,‘qni
832 1697 868 1741 eo
885 1679 1020 1742 consilio
1041 1678 1193 1742 Rhenum
1217 1683 1314 1740 trans·

246 1789 362 1870 ierant,
399 1792 435 1850 ut
470 1785 666 1869 Ambiorigis
701 1784 783 1848 fines
821 1785 1104 1868 depopularentur,
1142 1784 1183 1847 ad
1217 1791 1315 1847 castra

245 1893 464 1958 Romanorum
502 1893 597 1957 delati
634 1893 868 1976 optatissimum
906 1892 1088 1975 Ambiorigi
1125 1891 1313 1955 beneficium
1326 1910 1352 1951 ro

246 2002 435 2066 obtulerant.

192 2125 228 2180 43
336 2109 452 2172 Caesar
478 2128 591 2171 rursus
620 2108 660 2170 ad
684 2108 849 2171 vexandos
876 2107 983 2170 hostes
1010 2105 1172 2188 profectus
1200 2125 1337 2189 magnai

250 2214 424 2299 (equitum)
452 2219 560 2277 coacto
585 2232 717 2276 numero
737 2233 779 2277 ex
794 2213 942 2276 finitimis
958 2213 1140 2276 civitatibus
1155 2214 1190 2274 in
1207 2232 1316 2276 omnes

220 2328 350 2406 apartes
379 2321 515 2384 dimittit.
567 2339 676 2384 omnes
705 2322 768 2384 vici
795 2326 891 2403 atquc
916 2321 1022 2383 omnia
1050 2319 1206 2402 aedificia,
1237 2338 1316 2400 quae

248 2429 385 2510 quisque
410 2433 631 2510 conspexerat,
658 2427 922 2508 incendebantur,
952 2428 1068 2510 praeda
1096 2446 1139 2490 ex
1167 2427 1316 2490 omnibus

219 2535 325 2602 slecis
349 2533 514 2616 agebatur3
543 2535 703 2597 frumenta
726 2554 791 2597 non
817 2535 921 2597 sotum
950 2556 968 2598 a
995 2539 1084 2596 tanta
1110 2534 1339 2597 multitudines

246 2642 464 2704 iumentorum
497 2646 592 2722 atque
626 2641 792 2704 hominum
821 2640 1103 2722 consumebantur,
1136 2641 1193 2703 sed
1222 2642 1316 2704 etiarn

247 2750 324 2812 anni
358 2754 497 2831 tempore
530 2753 625 2829 atque
653 2746 809 2811 imbribus
842 2748 1089 2831 procubuerant,
1123 2752 1170 2829 ut,
1206 2748 1233 2810 si
1264 2747 1316 2830 qui

247 2858 343 2920 ctiam
374 2856 409 2919 in
432 2856 611 2938 praesentia
643 2874 676 2918 se
705 2855 930 2936 occultassent,
963 2859 1069 2917 tamen
1100 2854 1151 2917 his
1180 2854 1316 2918 deducto

219 2964 391 3029 rexercitu
414 2981 521 3026 rerum
546 2964 690 3025 omnium
713 2963 821 3045 inopia
843 2962 1045 3045 pereundum
1068 2961 1242 3024 videretur.
1282 2980 1316 3023 ac

246 3090 339 3153 saepe
368 3072 404 3133 in
427 3090 502 3134 cum
524 3071 631 3134 locum
658 3075 791 3133 ventum
820 3075 867 3132 est
894 3074 981 3132 tanto
1011 3069 1045 3131 in
1073 3087 1183 3131 omnes
1212 3075 1352 3151 partesro

247 3178 377 3240 dimisso
402 3179 558 3259 equitatu,
582 3181 617 3239 ut
642 3175 729 3260 [non]
754 3177 849 3239 modo
866 3177 972 3239 visum
991 3175 1028 3238 ab
1046 3195 1079 3239 se
1096 3175 1316 3258 Ambiorigem

245 3285 281 3346 in
303 3283 379 3367 fuga
402 3285 682 3367 circumspicerent
705 3284 823 3366 captivi
843 3301 902 3345 nec
917 3283 1011 3366 plane
1035 3283 1131 3346 etiam
1146 3281 1251 3345 abisse
1276 3301 1316 3346 ex

334 3513 514 3567 domninae
546 3513 555 3580 ΗΗ
587 3515 829 3581 praeoccupauerat
848 3531 865 3563 α
902 3513 910 3581 ΗΗ
947 3511 1130 3580 9eqmtatum
1150 3511 1190 3578 al,
1215 3511 1314 3580 equita-

244 3604 303 3654 tum
321 3604 460 3668 tanturnd

335 3708 381 3762 42.
401 3708 417 3760 2
437 3726 471 3762 ex
490 3709 602 3763 statione
625 3709 675 3762 dcl.
696 3708 758 3761 HM
790 3711 798 3776 ΗΗ
835 3708 1010 3762 ‘dminimum
1030 3707 1181 3774 Heinsius,
1206 3707 1317 3759 minimo

245 3798 276 3851 X
305 3799 312 3865 ΗΗ
346 3814 441 3851 casua
473 3798 481 3866 ΗΗ
514 3798 732 3868 7auertissent0
764 3797 773 3865 ΗΗ
807 3800 838 3851 11
853 3796 1006 3852 obtulerunt
1019 3815 1055 3850 oo
1087 3797 1096 3866 ΗΗ
1129 3796 1170 3851 10.
1186 3798 1217 3848 11
1233 3795 1315 3850 obtul.

246 3887 437 3954 beneficiumfl

334 3995 381 4050 43.
402 3994 418 4046 2
436 3994 556 4063 equitum
579 3994 641 4047 odd.
661 3994 752 4047 Madv.
791 3996 799 4060 ΗΗ
835 3995 1093 4062 Aincendebantur,
1116 4009 1212 4061 pecora
1234 3993 1315 4046 inter·

245 4085 414 4152 ficiebantur,
433 4085 564 4151 praedast
592 4085 600 4152 ΗΗ
624 4086 639 4138 5
659 4100 675 4136 a
694 4101 746 4137 orn.
767 4104 784 4135 a
812 4088 821 4151 ΗΗ
850 4082 1160 4138 5.6tantahorninu1n
1184 4082 1314 4135 iumento·

246 4190 358 4242 rumque
377 4173 581 4241 multitudine?
612 4178 621 4242 ΗΗ
654 4173 876 4239 bariemone
907 4174 915 4241 ΗΗ
949 4175 980 4225 11
1002 4172 1112 4225 dimisso
1125 4171 1212 4238 Paul,
1231 4170 1316 4224 diuiso

245 4263 276 4316 X
305 4264 313 4331 ΗΗ
345 4279 397 4317 non
410 4281 462 4316 om.
476 4263 518 4329 c‘k3
537 4263 587 4318 del.
602 4264 670 4317 Oud.
697 4264 705 4333 ΗΗ
733 4263 778 4332 (12
791 4262 1026 4330 circumspicerent
1038 4261 1077 4328 X,
1091 4261 1273 4328 conspicerent
1285 4260 1317 4328 a)
