2806 4778
157 310 219 371 160
555 323 660 377 BELLI
679 322 822 378 GALLICI

154 488 294 550 iuniores
309 487 420 550 Italiae
437 488 652 567 coniurerent,
678 486 829 550 dilectum
845 491 910 549 tota
925 486 1092 569 provincia
1108 486 1221 548 habere

119 616 139 658 ·2
154 594 300 656 instituit
347 612 402 658 eae
425 594 534 657 resin
558 592 693 658 Galliam
716 593 956 676 Transalpinam
981 593 1129 657 celeriter
1156 612 1243 675 per-5

153 700 305 763 feruntur.
352 700 474 763 addunt
496 701 557 783 ipsi
581 699 802 783 et-adfingunt
816 700 1001 763 rumoribus
1018 699 1115 769 Galli,
1140 700 1220 781 quod

153 827 204 870 res
227 827 356 890 poscere
380 807 564 887 videbatur,
587 809 717 871 retineri
742 807 862 870 urbano
879 811 970 869 motu
986 805 1154 870 Caesarem
1168 825 1220 870 ne

156 934 218 996 que
241 916 276 976 in
299 916 395 978 tantis
425 914 680 978 dissensionibus
709 913 749 977 ad
777 915 955 977 exercitum
981 913 1096 976 venire
1124 932 1218 995 posse.

123 1023 211 1087 abac
238 1022 368 1104 impulsi
401 1023 580 1102 occasione,
614 1023 669 1102 qui
695 1022 760 1083 iam
789 1027 861 1084 ente
889 1040 922 1084 se
950 1019 1061 1103 populi
1089 1020 1219 1083 Romani

154 1130 287 1211 imperio
321 1127 481 1192 subiectos
514 1128 669 1207 dolerent,
706 1128 840 1190 liberius
872 1132 967 1210 atque
1000 1127 1154 1191 audacius
1184 1127 1250 1190 dero

120 1235 237 1301 .4bello
262 1235 395 1298 consilia
417 1236 498 1297 inire
522 1236 686 1317 incipiunt.
734 1235 862 1298 indictis
890 1235 975 1298 inter
1003 1253 1037 1297 se
1065 1236 1219 1317 principes

155 1339 275 1405 Galliae
299 1342 443 1404 conciliis
462 1342 662 1405 silvestribus
685 1361 722 1405 ac
737 1343 867 1405 remotis
885 1342 965 1404 locis
990 1347 1170 1422 queruntur
1185 1341 1220 1404 de

154 1449 292 1510 Acconis
315 1454 429 1527 morte,
454 1467 546 1530 posse
570 1448 656 1510 hunc
680 1467 790 1511 casum
816 1449 856 1512 ad
886 1450 971 1531 ipsos
998 1448 1142 1512 recidere
1172 1449 1220 1512 de-

121 1559 344 1633 monstrant,
368 1556 563 1618 miserantur
586 1555 935 1620 communemGalliae
958 1555 1135 1634 fortunam,
1160 1575 1220 1618 om·

154 1660 250 1724 nibus
282 1662 564 1744 pollicitationibus
597 1681 633 1724 ac
660 1664 810 1745 praemiis
841 1662 1031 1744 deposcunt,
1066 1663 1124 1742 qui
1151 1662 1251 1725 bellic

155 1768 285 1831 initium
306 1769 424 1832 faciant
447 1774 479 1832 et
502 1769 554 1831 sui
578 1770 689 1852 capitis
713 1769 855 1852 periculo
881 1768 1018 1832 Galliam
1041 1770 1075 1831 in
1100 1768 1221 1832 liberta·

121 1901 141 1942 e
156 1881 220 1938 tem
242 1876 413 1940 vindicent.
460 1877 493 1938 in
517 1876 627 1958 primis
650 1878 807 1939 rationem
823 1895 892 1940 esse
908 1875 1091 1940 habendam
1107 1875 1221 1951 dicunt,

155 1984 243 2064 prius
268 2003 365 2065 quam
388 2003 500 2046 eorum
523 1982 721 2046 clandestina
742 1983 876 2046 consilia
891 1982 1071 2065 efferantur,
1097 1989 1134 2046 ut
1149 1983 1222 2046 an-

128 2108 208 2158 asar
231 2089 269 2151 ab
294 2091 437 2153 exercitu
460 2089 698 2153 intercludatur.
745 2090 779 2152 id
795 2109 863 2153 esse
879 2089 985 2171 facile,
1011 2089 1099 2171 quod
1122 2109 1221 2172 neque

156 2196 296 2278 legiones
329 2197 467 2260 audeant
499 2196 628 2260 absente
656 2198 845 2279 imperatore
878 2214 920 2258 ex
948 2195 1091 2259 hibernis
1121 2197 1252 2280 egrediar

157 2321 261 2383 neque
285 2304 455 2385 imperator
477 2304 546 2366 sine
570 2304 726 2386 praesidio
752 2303 792 2366 ad
811 2304 954 2385 legiones
970 2304 1142 2385 pervenire
1157 2323 1223 2387 pos-

128 2410 210 2484 asit3
235 2415 393 2491 postremo
417 2410 452 2470 in
477 2411 543 2473 acie
572 2414 730 2492 praestare
759 2408 896 2473 interfici
929 2428 1025 2491 quam
1054 2429 1121 2473 non
1145 2416 1224 2473 vete

158 2533 224 2577 rem
248 2514 323 2577 belli
346 2516 479 2598 gloriam
503 2516 756 2600 libertatemque,
781 2537 877 2600 quam
901 2537 919 2579 a
941 2517 1118 2580 maioribus
1144 2536 1224 2581 acce·

112 2637 138 2691 ⁴3
156 2623 273 2704 perint,
298 2641 491 2705 recuperare.
529 2623 591 2687 His
607 2624 703 2687 rebus
720 2626 843 2707 agitatis
858 2622 1048 2707 profitentur
1072 2624 1244 2688 Carnutesi

158 2749 190 2792 se
223 2729 347 2792 nullum
381 2730 561 2812 pericrdum
593 2733 772 2794 comnnnris
809 2731 919 2794 salutis
952 2751 1048 2794 causa
1080 2749 1224 2795 recusare

128 2837 380 2919 aprincipesque
409 2855 451 2900 ex
479 2837 629 2900 omnibus
659 2837 778 2901 bellum
805 2837 943 2901 facturos
971 2838 1165 2920 pollicentur
1191 2842 1225 2919 et,

160 2944 311 3025 quoniam
335 2946 369 3006 in
392 2946 570 3026 praesentia
594 2944 758 3007 obsidibus
782 2964 896 3008 cavere
912 2947 995 3007 inter
1018 2963 1052 3008 se
1076 2965 1145 3008 non
1160 2965 1226 3029 pos·

159 3051 234 3129 sint,
263 3070 304 3113 ne
327 3071 378 3114 res
403 3051 564 3132 efferatur,
593 3057 624 3114 at
648 3053 719 3114 iure
747 3051 882 3114 iurando
912 3072 948 3115 ac
975 3051 1038 3115 fide
1068 3055 1247 3115 sanciatura

158 3163 283 3239 petunt,
308 3159 440 3220 conlatis
463 3158 654 3221 militaribus
678 3160 791 3241 signis,
821 3178 882 3241 quo
906 3178 994 3223 more
1019 3178 1132 3222 eorum
1161 3179 1226 3243 gra-

157 3265 288 3327 vissima
319 3266 512 3328 caerimonia
545 3267 739 3348 continetur,
772 3284 813 3328 ne
846 3266 928 3328 facto
962 3266 1055 3329 initio
1085 3266 1163 3330 belli
1190 3265 1225 3328 ab

129 3370 289 3452 areliquis
314 3370 506 3435 descrantur.
546 3377 615 3434 tum
631 3372 828 3435 conlaudatis
845 3371 1037 3435 Carnutibus
1062 3373 1136 3436 dato
1160 3375 1227 3436 iure

159 3476 294 3539 iurando
319 3476 357 3540 ab
383 3478 543 3560 omnibus,
568 3480 624 3561 qui
648 3480 793 3559 aderant,
821 3483 962 3562 tempore
986 3481 1056 3543 eius
1080 3481 1129 3544 rei
1153 3499 1226 3544 con·

249 3742 340 3796 5Hae
358 3751 437 3810 resp
468 3743 476 3810 ll
509 3744 589 3811 liqui
608 3760 635 3796 so
655 3744 706 3797 iem
726 3746 822 3811 antec
853 3745 862 3813 11
896 3745 928 3798 12
948 3744 1064 3798 consiliis
1085 3765 1103 3796 e
1141 3745 1150 3813 ll
1187 3761 1226 3797 se·

158 3831 237 3884 motis
257 3831 320 3883 HM
347 3833 355 3899 ll
389 3834 421 3885 13
440 3833 511 3885 hunc
530 3849 620 3885 casum
640 3835 672 3886 ad
691 3834 762 3902 ipsos
781 3833 897 3886 recidere
916 3840 1029 3902 possep
1060 3835 1068 3904 il
1103 3835 1136 3888 16
1156 3834 1227 3887 initia

159 3940 176 3971 o
209 3922 217 3988 ΙΙ
250 3920 362 3986 sociate
394 3922 402 3988 ll
436 3922 467 3973 17
488 3922 611 3975 uindicet.
632 3923 689 3975 eius
709 3923 737 3975 in
755 3923 883 3990 primisss
914 3927 923 3989 ll
956 3923 997 3975 21.
1018 3922 1053 3975 22
1072 3926 1164 3991 posset
1182 3942 1199 3974 α
1217 3920 1225 3992 ΙΙ

160 4011 201 4063 23.
222 4009 256 4062 24
275 4013 429 4078 acceperant
448 4030 465 4061 a

248 4136 275 4189 2.
296 4136 320 4187 4.
340 4137 356 4188 ἴ)
375 4138 485 4203 possent
504 4155 521 4186 a
553 4137 561 4202 ll
594 4137 656 4190 bat
669 4137 726 4207 po¹3
746 4141 792 4190 aut
807 4137 850 4204 os3
870 4140 900 4190 ut
915 4137 966 4191 Sc²
997 4137 1005 4204 ll
1038 4138 1225 4206 6qnodmorc

153 4244 177 4276 u
210 4226 218 4292 {l
250 4226 274 4279 6.
295 4226 310 4277 7
330 4225 501 4293 grauissimae
521 4226 695 4280 caerimoniae
714 4226 919 4294 continenturp
950 4228 959 4296 ll
991 4226 1052 4281 eei
1069 4228 1109 4280 rei
1127 4227 1201 4281 Paul
