2806 4778
411 279 521 335 ureae
538 280 573 334 n.
594 278 669 334 one.
691 279 808 335 10-13.
1105 265 1148 326 45

39 469 65 510 15
79 450 148 508 tum
163 451 242 528 erat,
267 446 477 508 consisterent
491 443 678 526 fortiterque
697 444 853 527 impetum
869 447 1051 506 nostrorum
1066 442 1151 505 mili-

80 558 149 615 tum
164 553 372 634 sustinerent,
388 552 522 634 priores,
544 551 630 633 quod
646 551 756 614 abesse
772 570 791 612 a
805 551 949 634 periculo
964 550 1178 614 viderenturs

80 678 185 740 neque
208 659 276 721 ulla
302 660 491 723 necessitate
519 676 626 738 neque
653 659 787 740 imperio
812 658 1067 740 continerentur,
1096 675 1151 720 cx-

81 765 188 828 audito
218 765 357 828 clamore
383 763 576 848 perturbatis
606 763 772 827 ordinibus
801 784 911 828 omnes
934 766 969 826 in
991 763 1067 847 fuga
1090 762 1152 826 sibi

79 873 274 954 praesidium
297 878 460 955 ponerent.
499 873 545 934 ita
567 873 637 934 sine
652 871 719 934 ullo
735 871 876 954 periculo
900 876 1022 934 tantam
1041 888 1179 935 eorumc

40 1002 67 1045 20
80 979 320 1042 multitudinem
343 980 444 1042 nostri
466 978 708 1059 interfecerunt,
733 983 886 1059 quantum
911 979 972 1040 fuit
995 977 1059 1041 diei
1081 996 1152 1060 spa-

81 1088 176 1163 tium3
201 1084 261 1148 sub
285 1105 433 1149 occasum
456 1085 532 1149 solis
555 1087 648 1168 sequi
664 1085 855 1149 destiterunt
870 1103 968 1168 seque
991 1086 1026 1148 in
1042 1090 1152 1168 castra,

83 1198 118 1255 ut
141 1197 208 1255 erat
229 1193 432 1276 imperatum,
455 1198 653 1276 receperunt.
904 1205 907 1211 ’
1052 1183 1056 1191 ’

55 1322 68 1363 1
171 1298 328 1364 Postridie
345 1301 413 1363 eius
430 1299 494 1363 diei
507 1298 631 1382 Caesar,
647 1300 736 1382 prius
750 1318 846 1380 quam
862 1317 896 1362 se
911 1299 1018 1362 hostes
1034 1317 1076 1361 ex
1091 1303 1153 1362 ter-
1171 1312 1206 1368 12

81 1424 152 1469 rore
177 1426 213 1469 ac
235 1406 312 1490 fuga
334 1408 525 1489 reciperent,
548 1408 582 1469 in
598 1405 679 1470 fines
696 1405 918 1487 Suessionum,
943 1407 999 1487 qui
1014 1406 1154 1489 proximi

81 1512 192 1575 Remis
215 1518 317 1597 erant,
342 1516 521 1577 exercitum
544 1513 639 1576 duxit
661 1520 694 1577 et
716 1532 830 1596 magno
854 1513 968 1576 itinere
985 1510 1152 1596 [confecto]

82 1619 122 1681 ed
146 1619 300 1703 oppidum
322 1620 553 1684 Noviodunum
574 1620 746 1683 contendit.
791 1618 825 1682 id
850 1638 892 1682 ex
916 1620 1029 1682 itinere
1054 1638 1181 1703 oppa-a

56 1745 182 1807 egnare
198 1732 344 1809 conatus,
362 1726 447 1809 quod
462 1745 602 1789 vacuum
619 1726 657 1788 ab
675 1725 895 1790 defensoribus
912 1744 981 1789 esse
997 1724 1154 1807 audiebat,

83 1838 213 1914 propter
234 1832 438 1895 latitudinem
460 1832 563 1895 fossae
580 1834 729 1915 murique
750 1832 952 1896 altitudinem
974 1833 1085 1914 paucis
1101 1831 1155 1896 de-

83 1938 289 2001 fendentibus
312 1957 496 2020 expugnare
516 1957 581 2001 non
598 1940 710 2021 potuit
756 1938 866 2002 castris
889 1941 1023 2002 munitis
1045 1940 1182 2003 vineasa

86 2063 179 2126 agere
213 2063 359 2127 quaeque
392 2045 432 2108 ad
465 2045 716 2129 oppugnandum
749 2046 824 2108 usui
852 2051 944 2110 erant
971 2064 1156 2130 comparare

87 2152 199 2234 coepit.
245 2152 374 2216 interim
398 2153 502 2215 omnis
525 2171 568 2216 ex
593 2153 671 2237 fuga
693 2151 902 2216 Suessionum
924 2153 1097 2217 multitudo
1120 2153 1184 2217 ina

46 2281 73 2322 ro
87 2259 240 2341 oppidum
263 2260 411 2342 proxima
433 2265 526 2323 nocte
549 2261 707 2324 convenit.
754 2260 899 2324 celeriter
917 2262 1021 2325 vineis
1045 2260 1084 2324 ad
1101 2280 1182 2344 ope

85 2366 197 2447 pidum
221 2367 312 2447 actis,
341 2386 455 2450 aggere
483 2368 566 2430 iacto
590 2367 799 2450 turribusque
827 2368 1010 2431 constitutis
1033 2369 1156 2452 magni·

86 2473 198 2536 tudine
232 2491 378 2557 operum,
412 2493 494 2556 quae
526 2493 631 2557 neque
662 2474 810 2538 viderant
842 2480 915 2538 ante
939 2474 1023 2538 Galli
1051 2490 1156 2558 neque

86 2579 268 2661 audierant,
300 2589 331 2643 et
363 2581 525 2646 celeritate
552 2581 770 2644 Romanorum
802 2583 940 2665 permoti
967 2582 1088 2665 legatos
1116 2582 1156 2645 ad

87 2685 253 2750 Caesarem
285 2687 324 2751 de
358 2688 520 2751 deditione
551 2688 684 2751 mittunt
715 2693 747 2752 et
773 2689 956 2771 petentibus
983 2688 1093 2752 Remis
1121 2695 1158 2752 ut

59 2799 353 2857 rconservarentnr
374 2795 551 2876 impetrant
598 2794 714 2858 Caesar
740 2794 906 2858 obsidibus
934 2797 1070 2877 acceptis
1093 2796 1211 2878 pri-13

87 2901 148 2962 mis
172 2899 311 2964 civitatis
334 2904 429 2983 atque
452 2900 553 2982 ipsius
570 2899 688 2963 Galbae
703 2902 787 2982 regis
803 2900 930 2964 duobus
949 2899 1026 2964 filiis
1047 2902 1157 2964 armis·

89 3025 151 3089 que
175 3005 325 3070 omnibus
348 3025 390 3070 ex
413 3006 528 3091 oppido
552 3005 676 3069 traditis
699 3006 731 3068 in
757 3007 949 3070 deditionem
970 3005 1157 3072 Suessiones

89 3114 204 3196 accipit
235 3115 476 3196 exercitumque
508 3115 542 3176 in
566 3113 753 3176 Bellovacos
787 3114 882 3176 ducit.
929 3115 985 3196 qui
1017 3133 1091 3177 cum
1123 3133 1185 3178 sen

61 3239 210 3303 esuaque
248 3223 355 3284 omnia
391 3222 426 3285 iu
463 3221 617 3304 oppidum
647 3220 912 3302 Bratuspantium
948 3220 1159 3285 contulissent

89 3333 184 3408 atque
212 3327 251 3390 ab
280 3348 318 3392 eo
346 3328 462 3412 oppido
492 3327 609 3391 Cacsar
640 3348 714 3391 cum
746 3329 891 3392 exercitu
918 3328 1044 3392 circiter
1070 3329 1159 3394 milia

89 3454 243 3516 passuum
279 3435 311 3497 V
349 3435 485 3517 abesset,
524 3455 635 3499 omnes
673 3435 809 3499 maiores
847 3439 927 3498 natu
945 3501 947 3505 ,
965 3454 1006 3498 cx
1041 3436 1157 3519 oppido

90 3543 208 3624 egressi
240 3561 355 3605 manus
387 3542 427 3604 ad
451 3541 617 3607 Caesarem
649 3542 780 3606 tendere
813 3546 845 3606 et
866 3561 946 3606 voce
978 3542 1158 3626 significare

90 3653 265 3733 coeperunt
288 3668 356 3714 sese
380 3651 414 3712 in
438 3650 507 3714 eius
529 3648 626 3714 fidem
650 3669 687 3713 ac
709 3654 899 3734 potestatem
917 3650 1029 3713 venire
1051 3669 1159 3733 neque

181 3843 215 3898 20
233 3843 419 3909 interfecerefl
449 3844 458 3912 11
491 3842 522 3896 21
537 3858 662 3897 occasum
675 3842 745 3909 HM3
765 3859 944 3912 occasumque
958 3861 988 3911 ας
1008 3850 1133 3910 eccasufi
1151 3840 1160 3915 11

91 3931 167 4000 sequi
185 3931 259 3998 B²fl3
278 3949 331 3984 om.
352 3951 369 3982 o

179 4020 225 4077 12.
247 4024 259 4074 l
280 4021 370 4074 hostes
389 4029 453 4088 sep
488 4021 496 4089 11
534 4023 558 4074 1.
578 4021 594 4074 2
612 4023 712 4076 terrore
731 4040 761 4089 α;
784 4037 884 4090 pauore
907 4027 925 4090 β
960 4023 969 4090 11
1003 4021 1160 4075 3confecto

91 4109 142 4162 det.
161 4108 248 4180 Nipp.
281 4112 290 4180 11
322 4112 408 4177 5811

182 4201 227 4256 13.
245 4201 264 4253 4
282 4199 379 4269 accipit
403 4200 496 4265 Vesc.;
514 4199 617 4268 accepit
633 4199 664 4252 X
693 4201 708 4269 11·
733 4198 843 4255 6milia
860 4216 913 4252 om.
934 4217 952 4250 α
983 4199 992 4268 11
1023 4200 1143 4267 9necp
