2806 4778
261 295 323 356 138
659 310 764 364 BELLI
784 310 927 365 GALLIGI

225 497 244 538 ,a
258 474 344 536 neris
367 473 489 556 placide
512 473 780 556 progrediebatur.
820 479 889 536 tum
913 474 1096 556 praemissis
1115 474 1248 557 paulum
1272 476 1328 536 im·
1340 498 1362 539 10

258 581 448 663 pedimentis
472 586 566 663 atque
589 581 623 642 in
647 581 771 643 tumulo
801 582 939 662 quodam
967 581 1140 643 conlocatis
1169 581 1328 662 ‘habetis’,

258 688 375 770 inquit,
399 688 542 768 ‘milites,
567 707 663 770 quam
679 689 802 769 petistis
818 687 1011 750 facultatem:
1036 688 1161 751 hostem
1176 687 1327 770 impedito

231 799 354 876 ratque
378 795 489 875 iniquo
513 794 582 857 loco
607 796 735 873 tenetis3
760 799 916 877 praestate
933 795 1067 858 eandem
1082 794 1177 857 nobis
1194 795 1327 858 ducibus

259 903 421 980 virtutem,
447 921 542 983 quam
567 919 660 983 saepe
684 921 817 964 numero
841 902 1024 983 imperatori
1043 902 1260 984 praestitistis,
1285 907 1327 963 at·

230 1027 320 1090 aque
343 1009 435 1070 illum
459 1009 569 1071 adesse
585 1012 616 1070 et
632 1008 708 1070 haec
724 1026 830 1070 corani
847 1027 977 1071 cernere
994 1008 1194 1071 existimate!
1233 1008 1326 1071 simul
1338 1029 1359 1071 15

258 1116 350 1197 signa
373 1115 413 1176 ad
437 1115 556 1177 hostem
582 1116 725 1178 converti
748 1117 913 1196 aciemque
934 1115 1034 1197 derigi
1057 1114 1149 1177 iubet
1172 1119 1205 1177 et
1220 1116 1326 1197 paucis

258 1223 371 1283 turmis
394 1221 552 1303 praesidio
577 1221 617 1283 ad
640 1222 867 1304 impedimenta
888 1222 1029 1285 dimissis
1044 1221 1189 1301 reliquos
1206 1223 1325 1303 equites

230 1328 299 1392 ead
322 1328 421 1390 latera
449 1328 596 1410 disponit.
643 1328 788 1391 celeriter
816 1330 917 1391 nostri
945 1329 1082 1391 clamore
1111 1328 1237 1392 sublato
1266 1329 1327 1411 pila

258 1436 291 1496 in
317 1434 422 1497 hostes
445 1435 629 1496 immittunt.
677 1435 735 1517 illi,
763 1434 820 1498 ubi
844 1440 967 1518 praeter
995 1454 1082 1518 spem
1111 1455 1193 1518 quos
1219 1436 1326 1518 fugere

259 1540 431 1605 credebant
462 1541 586 1604 infestis
619 1542 718 1625 signis
755 1542 795 1604 ad
828 1561 861 1604 se
894 1543 941 1606 ire
973 1543 1136 1624 viderunt,
1173 1544 1359 1624 impetmnao

257 1654 440 1711 nostrorrun
462 1648 544 1711 ferro
568 1668 633 1711 non
657 1654 831 1732 potuerunt
858 1668 895 1712 ae
918 1651 1019 1731 primo
1044 1668 1207 1712 concursu
1227 1650 1263 1711 in
1280 1649 1295 1710 f
1313 1683 1326 1693 ·

228 1775 330 1837 agam
358 1758 494 1819 coniecti
520 1757 684 1838 proximas
716 1756 812 1818 silvas
839 1757 1008 1838 petierunt.
1055 1775 1136 1837 quos
1168 1756 1326 1820 Labienus

258 1865 404 1946 equitatu
437 1868 635 1926 consectatus
668 1883 783 1946 magno
811 1883 945 1927 numero
974 1863 1153 1945 interfect0,
1187 1863 1325 1946 complu-

258 1970 346 2033 ribus
379 1973 477 2054 captis
512 1973 622 2053 paucis
649 1977 719 2053 post
748 1970 862 2034 diebus
890 1972 1051 2033 civitatem
1078 1972 1208 2053 recepit.
1254 1991 1326 2033 nam

259 2077 422 2160 Germani,
461 2079 518 2159 qui
556 2077 677 2140 auxilio
712 2077 898 2158 veniebant,
934 2082 1082 2160 percepta
1117 2079 1326 2140 Treverorum
1337 2096 1359 2138 a

231 2181 334 2266 sfuga
357 2203 425 2248 sese
451 2185 581 2247 domum
606 2184 819 2248 contulerunt.
866 2204 939 2247 cum
963 2185 1013 2247 his
1032 2186 1207 2267 propinqui
1229 2185 1326 2248 Indu-

258 2289 407 2371 tiomari,
421 2293 476 2373 qui
500 2292 685 2354 defectionis
709 2296 853 2354 auctores
876 2291 1014 2372 fuerant,
1043 2293 1184 2354 comitati
1208 2310 1263 2355 eos
1286 2311 1326 2355 ex

226 2417 244 2458 o
259 2396 387 2458 civitate
412 2402 628 2461 excesserunt.
668 2397 877 2480 Cingetorigi,
902 2416 997 2480 quem
1017 2398 1055 2460 ab
1072 2399 1167 2460 initio
1183 2417 1325 2481 perman-

259 2503 337 2565 sisse
360 2504 393 2564 in
418 2503 521 2567 officio
551 2504 851 2587 demonstravimus,
880 2505 1076 2587 principatus
1103 2510 1200 2587 atque
1228 2506 1326 2588 impe·

258 2609 343 2671 rium
367 2614 414 2672 est
437 2610 597 2673 traditum.
1337 2628 1360 2670 ao

216 2731 240 2785 a
349 2716 476 2799 caesar,
509 2723 676 2800 postquam
712 2737 753 2780 ex
786 2717 943 2800 Menapiis
975 2718 1011 2779 in
1042 2719 1196 2781 Treveros
1233 2718 1349 2799 ueniti

231 2823 382 2888 adnabus
415 2825 454 2888 de
488 2827 593 2888 causis
626 2824 775 2888 Rhenum
808 2825 944 2888 transire
977 2826 1155 2903 constituit;
1190 2844 1326 2906 quarum

257 2950 326 3023 una
346 2936 426 3005 erat,
452 2933 538 3013 quod
564 2930 746 3020 <Germani>
774 2933 895 2994 auxilia
918 2935 1030 2994 contra
1052 2951 1086 2995 se
1099 2933 1246 2995 Treveris
1269 2933 1326 2994 mi·

258 3042 377 3120 serant,
411 3038 521 3120 altera,
555 3057 596 3102 ne
629 3039 669 3102 ad
701 3058 755 3102 eos
789 3038 961 3102 Ambiorix
992 3043 1154 3121 receptum
1187 3038 1325 3103 haberet.

229 3143 307 3212 ahis
331 3147 511 3208 constitutis
537 3145 634 3210 rebus
661 3146 756 3229 paulo
786 3165 883 3228 supra
910 3164 984 3208 eum
1012 3146 1130 3228 locum,
1161 3163 1225 3226 quo
1255 3152 1351 3208 antes

228 3254 435 3318 rexercitum
458 3253 655 3335 traduxerat,
679 3253 782 3315 facere
801 3257 931 3335 pontem
954 3253 1100 3316 instituit.
1139 3257 1215 3315 nota
1232 3257 1326 3334 atque

257 3359 403 3421 inst'tuta
426 3361 547 3422 ratione
567 3379 683 3442 magno
699 3360 837 3423 militum
854 3360 959 3423 studio
983 3360 1093 3442 paucis
1118 3358 1231 3422 diebus
1248 3378 1326 3442 opus

347 3553 691 3621 8.14.15atque0m.n
718 3551 726 3623 ll
756 3555 787 3606 15
808 3554 900 3606 adesso
917 3554 1048 3620 eumetss
1074 3550 1083 3623 ll
1113 3553 1145 3606 16
1164 3553 1192 3605 et
1210 3569 1263 3605 om.
1282 3558 1300 3618 β
1317 3550 1325 3621 ΙΙ

260 3643 290 3693 17
311 3641 428 3694 dimissis
446 3641 486 3708 X3
506 3642 595 3695 missis
609 3641 672 3694 HM
704 3640 711 3713 ll
750 3641 782 3693 18
798 3641 890 3695 Nostri
902 3641 1052 3708 celeriterp
1088 3639 1096 3712 ll
1134 3640 1168 3694 20
1181 3641 1301 3707 uiderest
1318 3638 1326 3710 ll

258 3730 289 3781 21
311 3732 462 3783 nostrorum
481 3729 551 3797 HM3
571 3731 648 3784 modo
668 3730 698 3782 X
731 3729 739 3801 d
777 3731 810 3782 ‘22
829 3731 1022 3800 petiuemntq
1062 3728 1070 3800 d
1112 3729 1147 3782 24
1164 3730 1265 3798 recepit
1283 3728 1326 3796 αὴ

256 3818 351 3886 recipit
373 3817 412 3885 Qp
448 3818 456 3889 ll
494 3820 528 3873 26
548 3820 717 3873 contulerunt
733 3827 761 3886 fl,
786 3823 943 3888 recepenmt
963 3840 980 3871 α
1022 3819 1029 3890 ll
1069 3818 1139 3872 iislt
1179 3817 1187 3890 ll
1229 3818 1262 3871 ‘27
1283 3834 1326 3873 co-

256 3906 343 3960 mitati
361 3923 405 3960 eos
425 3908 474 3960 del.
495 3907 583 3976 Apita
619 3907 627 3978 ll
665 3909 698 3961 28
718 3911 887 3962 excesserant
906 3929 923 3960 a

345 3997 373 4051 9.
395 4000 406 4049 1
428 3997 577 4064 treuirosfl
613 3997 621 4069 d
659 3998 682 4050 2.
703 3999 719 4050 3
738 4014 851 4065 quarum
865 3999 1029 4067 erataltera,
1049 3998 1149 4067 quodfl
1185 3996 1193 4068 ll
1230 3997 1326 4051 3Ger·

255 4086 327 4138 mani
346 4086 407 4139 add.
428 4085 519 4139 Hotm.
557 4085 565 4158 ll
601 4086 707 4140 treuiris
726 4086 814 4154 aba.)
852 4085 860 4157 ll
897 4088 965 4143 dne
984 4087 1115 4141 ambiorix
1133 4089 1272 4154 receptum
1294 4086 1327 4140 ad

256 4182 337 4242 eosft
373 4173 381 4247 ll
418 4175 495 4229 onis
513 4175 592 4230 rebus
612 4175 797 4243 constitutisfl
833 4174 840 4246 ll
877 4176 955 4243 paulo
973 4183 1001 4244 β;
1021 4175 1130 4244 paulum
1149 4174 1227 4244 a(e.2)
1265 4174 1273 4246 ll
1309 4177 1325 4228 7

252 4281 323 4332 opus
343 4265 434 4333 paucis
454 4265 582 4332 diebusfl
