2806 4778
241 340 282 400 90
641 352 747 406 BELLI
766 352 909 407 GALLICI

212 518 363 582 sancoris
396 517 584 600 expectavit.
635 517 764 579 interim
797 517 907 598 legatis
936 515 1138 598 tribunisque
1170 516 1308 579 militum

240 625 422 686 convocatis
445 629 476 686 et
500 642 580 704 quae
605 643 646 687 ex
669 623 832 686 Voluseno
858 623 1057 704 cognovisset
1081 630 1111 686 et
1134 642 1216 706 quac
1239 623 1308 686 fieri

239 731 335 793 vellet
358 731 496 794 ostendit
519 731 719 812 monuitque,
747 735 783 792 ut
806 731 853 794 rei
876 730 1024 793 militaris
1047 731 1141 812 ratio,
1169 731 1308 793 maxime

239 842 275 900 ut
299 838 475 901 maritimae
498 857 549 901 res
572 838 781 921 postularent,
809 842 845 900 ut
868 857 950 920 quae
975 838 1111 902 celerem
1135 842 1232 920 atque
1260 838 1341 902 in-15

239 944 384 1008 stabilem
407 950 531 1007 motum
554 944 719 1025 haberent,
742 944 782 1006 ad
805 949 920 1007 nutum
945 951 976 1008 et
999 944 1039 1007 ad
1055 951 1182 1027 tempus
1200 963 1307 1008 omnes

212 1070 290 1115 eres
318 1051 358 1114 ab
386 1053 426 1114 iis
454 1052 760 1115 administrarentur.
811 1052 862 1115 his
890 1051 1030 1115 dimissis
1059 1057 1090 1114 et
1117 1056 1250 1115 rentum
1278 1055 1308 1114 et

239 1163 360 1221 aestum
382 1177 446 1221 uno
463 1162 604 1241 tempore
619 1165 732 1221 nactus
748 1158 925 1222 secundum
950 1158 1022 1223 dato
1047 1159 1140 1241 signo
1156 1162 1189 1222 et
1204 1158 1307 1222 subla-

239 1265 278 1327 tis
311 1266 435 1327 ancoris
464 1265 590 1328 circiter
617 1265 706 1327 milia
733 1285 885 1348 passuum
908 1266 973 1328 VH
1005 1266 1044 1328 ab
1074 1284 1110 1328 eo
1138 1263 1209 1328 loco
1237 1285 1307 1348 pro

184 1385 220 1439 24
239 1389 367 1453 gressus
391 1376 498 1454 aperto
523 1391 559 1435 ac
582 1371 676 1454 plano
692 1373 785 1435 litore
800 1391 900 1435 nares
916 1373 1088 1436 consuluit.
1121 1373 1167 1435 At
1181 1372 1307 1435 barbari
1322 1395 1332 1435 1

240 1479 374 1542 consilio
398 1478 616 1541 Romanorum
640 1479 769 1562 cognito
792 1480 967 1562 praemisso
993 1480 1139 1562 equitatu
1166 1483 1199 1542 et
1226 1497 1308 1542 esse-

239 1585 351 1667 dariiS,
375 1605 438 1668 quo
461 1585 651 1668 plerumque
674 1604 789 1668 genere
816 1587 851 1648 in
873 1586 1004 1669 proeliis
1031 1587 1079 1649 uti
1102 1591 1308 1669 consuerunt,

238 1692 374 1775 reliquis
398 1694 496 1776 copiis
519 1692 684 1756 subsecuti
712 1698 835 1756 nostros
863 1693 1000 1757 navibus
1027 1693 1137 1776 egredi
1162 1693 1308 1776 prohibe-

211 1800 322 1865 abant.
370 1807 436 1863 erat
461 1800 500 1862 ob
525 1801 582 1863 has
605 1820 717 1864 causas
741 1820 864 1863 summa
889 1799 1071 1883 difficultas,
1102 1799 1188 1882 quod
1212 1819 1344 1864 navesa.

238 1912 366 1991 propter
387 1907 642 1991 magnitudinem
664 1909 728 1971 nisi
750 1909 786 1970 in
810 1908 873 1971 alto
897 1907 1050 1971 constitui
1073 1926 1138 1970 non
1153 1912 1307 1991 poterant,

238 2014 393 2078 militibus
418 2021 523 2078 autem
548 2017 665 2098 ignotis
692 2015 784 2089 locis,
813 2015 974 2097 impeditis
1001 2014 1164 2096 manibuS,
1191 2035 1306 2099 magno

239 2126 270 2184 et
292 2123 384 2205 gravi
407 2141 502 2185 onere
526 2142 688 2185 armorum
710 2122 829 2205 pressis
853 2122 951 2185 simul
975 2127 1007 2186 et
1030 2122 1070 2185 de
1093 2121 1231 2186 naribus
1255 2123 1307 2186 de

238 2228 410 2292 sitiendum
438 2234 470 2292 et
493 2231 525 2292 in
554 2229 704 2292 fluctibus
733 2228 974 2292 consistendum
1001 2234 1033 2292 et
1060 2249 1134 2292 cum
1161 2228 1307 2294 hostibus

210 2340 307 2399 serat
334 2336 554 2418 pugnandum,
583 2356 655 2398 cum
683 2336 730 2398 illi
758 2341 814 2398 aut
842 2355 883 2398 ex
911 2337 999 2399 arido
1032 2340 1087 2399 aut
1113 2335 1247 2419 paulum
1274 2338 1306 2399 in
1321 2355 1345 2397 re

238 2461 354 2524 aquam
381 2444 539 2525 progressi
568 2443 718 2506 omnibus
749 2443 901 2507 membris
929 2444 1100 2526 expeditis,
1131 2445 1308 2508 notissimis

238 2547 316 2610 locis
333 2549 484 2611 audacter
499 2550 562 2613 tela
577 2551 736 2614 coicerent
755 2555 786 2613 et
803 2570 902 2633 equos
918 2550 1112 2614 insuefactos
1128 2550 1306 2615 incitarent.

210 2654 357 2736 rquibus
381 2655 477 2720 rebus
499 2659 600 2721 nostri
623 2659 783 2740 perterriti
806 2664 902 2740 atque
923 2659 1019 2721 huius
1035 2658 1165 2722 omnino
1180 2660 1307 2742 generis

237 2782 363 2846 pugnae
386 2764 525 2847 imperiti
547 2783 613 2827 non
641 2765 751 2827 eadem
779 2765 940 2829 alacritate
968 2785 1005 2829 ac
1033 2765 1152 2847 studio,
1182 2784 1245 2847 quo
1274 2768 1308 2828 in

183 2882 219 2937 25
237 2869 439 2953 pedestribus
462 2873 509 2934 uti
532 2871 661 2954 proeliis
684 2876 887 2953 consuerant,
913 2871 1090 2935 utebantur.
1137 2869 1232 2946 Quod
1251 2874 1332 2937 ubit

238 2976 354 3040 Caesar
386 2978 623 3061 animadvertit,
657 2998 756 3042 nares
789 2979 913 3060 longas,
952 2998 1088 3061 quarum
1120 2983 1153 3042 et
1184 2981 1308 3062 species

238 3090 305 3147 erat
332 3083 475 3148 barbaris
506 3086 690 3149 inusitatior
723 3091 754 3149 et
781 3091 887 3148 motus
916 3085 955 3148 ad
988 3106 1084 3149 usum
1117 3085 1307 3169 expeditior,

237 3191 368 3274 paulum
396 3193 554 3256 removeri
582 3193 621 3255 ab
651 3194 804 3255 onerariis
831 3192 968 3255 navibus
996 3198 1028 3256 et
1054 3193 1151 3256 remis
1178 3193 1307 3257 incitari

237 3303 269 3360 et
292 3298 332 3360 ad
355 3299 438 3361 latus
462 3306 605 3382 apertum
629 3300 768 3362 hostium
792 3300 944 3362 constitui
972 3304 1067 3381 atque
1090 3299 1166 3363 inde
1188 3301 1333 3383 fundis,5

237 3405 373 3488 sagittis,
391 3407 555 3468 tormentis
570 3407 677 3469 hostes
692 3406 827 3489 propelli
843 3426 879 3469 ac
896 3406 1080 3469 submoveri
1095 3407 1201 3488 iussit3
1224 3427 1307 3490 quae

209 3529 286 3573 ares
314 3531 429 3593 magno
457 3513 530 3574 usui
558 3514 674 3577 nostris
702 3513 770 3576 fuit.
821 3532 896 3575 nam
925 3519 956 3577 et
983 3515 1115 3577 navium
1142 3512 1248 3598 figura
1275 3521 1308 3579 et

328 3742 360 3794 13
379 3743 530 3796 conuocatis
554 3747 581 3797 et
599 3763 627 3812 n;
651 3743 837 3810 conuocatisp
873 3744 882 3812 ll
918 3743 1086 3812 cognouisset
1110 3742 1237 3812 SOBbJ,
1261 3760 1306 3798 co-

236 3832 345 3898 gnosset
365 3851 382 3882 a
419 3833 427 3896 ll
466 3833 499 3885 14
517 3833 592 3901 ntip
632 3833 640 3900 ll
681 3832 885 3900 maximequep
926 3833 934 3900 ΙΙ
977 3835 1010 3887 15
1029 3835 1060 3886 ut
1078 3848 1145 3901 quae
1163 3832 1257 3902 Ia'ps.;
1275 3835 1307 3887 ut

236 3935 316 3988 quarn
335 3920 365 3974 X
395 3922 403 3991 ΙΙ
437 3923 469 3974 17
489 3922 521 3976 ab
539 3922 581 3975 his
600 3923 633 3976 ul
663 3924 672 3992 tl
706 3922 739 3975 18
758 3924 871 3975 nanctus
889 3921 927 3973 Βι
959 3922 967 3990 lt
1000 3922 1143 3991 adaperto
1162 3939 1215 3976 om.
1237 3942 1254 3975 n

324 4010 371 4067 24.
390 4010 407 4064 8
427 4011 526 4080 pressis
543 4016 572 4078 β;
596 4012 728 4079 oppressis
747 4030 776 4077 n,
801 4011 850 4064 del.
876 4010 968 4064 Modo.
1006 4011 1015 4080 ll
1049 4012 1082 4064 de
1100 4017 1190 4079 onafl
1225 4013 1235 4082 ΙΙ
1272 4013 1304 4064 11

236 4100 393 4170 expeditior
425 4102 434 4169 11
468 4102 508 4153 13.
529 4101 563 4152 14
581 4116 684 4168 pugnae
703 4100 842 4168 generisfl
874 4102 882 4169 ll
916 4103 949 4155 15
968 4100 1155 4155 nitebanturlr

324 4190 370 4244 25.
391 4190 407 4241 2
426 4189 544 4242 animum
563 4188 712 4254 aduertitss
752 4190 761 4258 {l
798 4190 891 4243 3erat
909 4207 962 4243 ont.
984 4209 1001 4241 n
1043 4191 1051 4259 ll
1093 4191 1117 4244 7.
1136 4189 1154 4244 8
1174 4193 1201 4246 et
1218 4206 1305 4245 remo·

236 4294 295 4331 rum
316 4296 345 4345 ας
364 4293 498 4332 remorum
516 4284 534 4345 β
