2806 4778
400 397 508 450 ranR
526 397 586 450 VH.
607 397 683 451 onP.
703 399 825 452 71-73.
1083 384 1147 445 205

76 560 186 643 plerit.
209 565 281 643 post
305 578 358 623 eas
381 579 530 643 aggerem
553 580 590 624 ac
613 560 734 622 vallum
756 560 824 624 XII
843 561 962 644 pedum
987 563 1175 642 extruxit34

77 666 154 729 buic
176 666 309 730 loricam
331 668 511 750 pinnasque
536 667 652 730 adiecit
673 667 849 751 grandibus
878 669 980 731 cervis
1005 669 1148 731 eminen-

32 797 63 839 15
78 772 164 836 tibus
188 773 228 836 ad
244 775 469 837 commissuras
485 774 667 856 pluteorum
686 779 780 856 atque
801 775 936 858 aggeriS,
962 775 1018 856 qui
1038 794 1148 838 ascen·

78 899 152 943 sum
173 880 314 943 hostium
338 880 511 962 tardarent,
539 886 571 944 et
594 886 697 944 turres
720 884 785 944 toto
810 899 902 963 opere
931 881 1148 964 circumdedit,

52 1005 164 1067 rquae
188 986 285 1070 pedes
308 985 436 1050 LXXX
459 988 543 1051 inter
570 1006 605 1050 se
629 987 788 1051 distarent.
835 986 913 1051 Erat
935 988 1048 1052 eodem
1072 993 1149 1050 tem·
1169 1005 1203 1060 73

77 1113 155 1176 pore
179 1097 211 1156 et
232 1095 393 1157 materiari
417 1098 449 1155 et
470 1093 658 1157 tumrentari
682 1100 713 1157 et
734 1098 838 1157 tantas
861 1095 1057 1158 munitiones
1079 1093 1149 1158 fieri

78 1219 210 1264 necesse
239 1200 412 1263 deminutis
438 1202 557 1264 nostris
586 1201 697 1284 copiis,
727 1220 808 1282 quae
835 1201 963 1285 longius
992 1221 1010 1262 a
1038 1202 1149 1264 castris

79 1307 376 1390 progrediebantur3
395 1327 431 1370 ac
447 1326 514 1370 non
530 1327 708 1389 numquam
723 1327 817 1391 opera
832 1312 940 1370 nostra
953 1308 1037 1371 Galli
1050 1312 1149 1391 temp-

48 1417 147 1477 stare
171 1418 267 1496 atque
291 1415 491 1496 eruptionem
519 1433 560 1477 ex
584 1414 699 1497 oppido
727 1413 875 1497 pluribus
902 1415 1001 1498 portis
1025 1435 1150 1478 summa

81 1520 113 1581 vi
135 1519 237 1583 facere
261 1519 466 1584 conabantur.
507 1539 605 1603 quare
629 1521 763 1584 adhaec
782 1541 894 1584 rursus
919 1541 1015 1604 opera
1031 1521 1177 1586 adden-2
1263 1523 1265 1527 ’

81 1625 157 1688 dum
182 1625 298 1690 Caesar
320 1629 455 1710 putavit,
485 1647 547 1708 qno
571 1629 694 1690 minore
717 1647 850 1691 numero
879 1627 1017 1691 militamt
1045 1630 1150 1692 muni-

81 1733 184 1795 tiones
212 1732 341 1796 defendi
364 1739 502 1817 possent.
548 1735 657 1816 itaque
685 1735 807 1797 truncis
835 1734 985 1797 arborum
1013 1740 1069 1798 ant
1096 1736 1151 1798 ad-

80 1839 212 1903 modum
239 1838 340 1903 firmis
367 1842 464 1904 ramis
492 1841 623 1904 abscisis
657 1845 751 1923 atquc
779 1842 894 1903 horum
923 1840 1085 1904 delibratis
1114 1861 1150 1904 ac

36 1968 67 2010 ro
81 1948 258 2028 praeacutis
274 1947 495 2011 cacuminibus
511 1953 683 2031 perpetuae
704 1947 806 2012 fossae
823 1949 938 2030 quinos
953 1948 1049 2031 pedes
1069 1949 1149 2012 altae

81 2052 289 2117 ducebantur.
328 2055 391 2117 huc
414 2054 461 2117 illi
485 2055 608 2138 stipites
625 2056 754 2120 demissi
778 2060 809 2118 et
825 2055 863 2118 ab
879 2054 990 2117 infimo
1007 2055 1150 2136 revincti,
1164 2078 1178 2119 a

81 2178 122 2223 ne
138 2161 250 2224 revelli
264 2165 402 2243 possent,
419 2161 458 2224 ab
473 2164 570 2225 ramis
585 2162 775 2225 eminebant.
801 2163 892 2244 quini
907 2166 998 2225 erant
1014 2161 1150 2243 ordines,
1164 2184 1178 2226 4

81 2268 245 2330 coniuncti
267 2269 350 2331 inter
373 2288 407 2331 se
428 2274 524 2352 atque
539 2269 704 2351 implicati3
731 2287 793 2349 quo
812 2269 868 2350 qui
883 2269 1093 2350 intraverant,
1116 2288 1150 2332 sc

82 2374 143 2456 ipsi
167 2375 359 2439 acutissimis
382 2376 475 2438 vallis
497 2375 682 2438 induebant.
728 2375 787 2439 hos
811 2375 919 2458 cippos
942 2375 1178 2458 appellabanta

39 2502 68 2544 15
83 2485 155 2544 ante
190 2481 247 2545 hos
283 2482 421 2564 obliquis
459 2482 625 2546 ordinibus
663 2483 698 2545 in
715 2487 718 2494 '
737 2483 952 2562 quincuncem
992 2482 1151 2565 dispositis

82 2588 210 2652 serobes
233 2589 268 2650 in
291 2589 493 2652 altitudinem
516 2589 614 2652 trium
637 2589 756 2671 pedum
773 2587 978 2653 fodiebantur
997 2590 1152 2672 paulatim

82 2696 264 2778 angustiore
289 2696 329 2758 ad
352 2694 500 2758 infimum
522 2695 655 2779 fastigio.
694 2697 757 2758 huc
781 2700 894 2758 teretes
918 2696 1039 2778 stipites
1062 2697 1179 2760 femi-a

82 2802 133 2864 nis
161 2801 371 2866 crassitudine
400 2803 438 2865 ab
468 2821 591 2866 summo
624 2803 785 2885 praeacuti
818 2807 850 2864 et
872 2802 1013 2885 praeusti
1040 2800 1152 2864 demit-

83 2908 232 2972 tebantur
258 2910 315 2992 ita,
344 2914 379 2973 ut
405 2929 471 2973 non
499 2909 636 2993 amplius
666 2908 772 2991 digitis
800 2907 868 2970 ΗΠ
896 2926 937 2970 ex
963 2913 1047 2971 terra
1074 2909 1152 2971 emi-

34 3020 210 3095 :aonerent3
239 3016 335 3080 simul
359 3017 568 3092 confirmandi
591 3021 623 3080 et
645 3015 826 3078 stabiliendi
851 3033 947 3077 causa
970 3015 1089 3098 singuli
1113 3015 1179 3080 abr

82 3121 192 3186 infimo
217 3123 284 3186 solo
308 3125 404 3206 pedes
426 3129 511 3186 terra
534 3123 796 3205 exculcabantur,
824 3122 949 3204 reliqua
971 3141 1044 3204 pars
1067 3141 1153 3184 scro-

83 3227 133 3291 bis
157 3229 198 3292 ad
221 3230 425 3293 occultandas
448 3230 581 3293 insidias
605 3229 780 3292 viminibus
804 3248 840 3291 ac
862 3229 1008 3311 virgultis
1032 3230 1153 3312 intege-

83 3335 185 3398 batur.
224 3335 319 3399 huius
342 3337 469 3419 generis
494 3339 600 3400 octoni
623 3336 750 3399 ordines
774 3335 862 3399 ducti
885 3339 991 3398 ternos
1012 3336 1096 3399 inter
1119 3355 1180 3399 ses

175 3513 208 3566 13
227 3514 318 3581 postea
336 3527 459 3582 aggerem
478 3531 499 3564 π
527 3517 536 3580 ΙΙ
563 3512 597 3564 14
614 3511 761 3579 luricamfl
793 3512 801 3580 ll
834 3513 868 3566 15
887 3526 998 3580 aggeres
1018 3530 1035 3562 α
1067 3512 1076 3580 ll
1108 3512 1154 3580 qui

80 3619 115 3669 ας
134 3603 197 3669 utd

174 3691 219 3746 73.
240 3693 253 3743 1
274 3692 368 3745 eodem
385 3699 413 3758 fl,
433 3707 464 3744 eo
484 3710 502 3741 α
533 3692 542 3755 ll
574 3690 812 3758 2fie1r'X3tueri
832 3690 914 3744 Saba.
947 3691 955 3759 ΙΙ
988 3689 1154 3744 3diminutis

78 3779 119 3850 qs
145 3781 154 3845 ll
190 3779 272 3848 copiis
291 3780 424 3848 nostrisfl
459 3781 469 3845 ΙΙ
504 3780 537 3833 ab
557 3800 574 3831 α
610 3781 619 3849 tl
656 3781 681 3832 7.
700 3779 717 3833 8
736 3779 841 3834 defendi
859 3779 1055 3846 munitionesfl
1092 3779 1101 3847 ll
1137 3779 1154 3833 8

82 3871 131 3924 aut
149 3868 225 3937 (baut
244 3869 279 3938 S)
297 3869 339 3937 X;
357 3869 407 3923 del.
427 3868 513 3936 Nipp.
546 3868 555 3937 ΙΙ
592 3870 624 3921 ll
646 3868 747 3922 dimissi
767 3887 808 3920 arr
844 3871 853 3933 ΙΙ
890 3868 924 3920 12
943 3871 1018 3922 erant
1036 3885 1088 3920 ora.
1110 3888 1127 3919 α
1147 3867 1155 3939 ll

85 3958 118 4011 13
138 3956 287 4026 complicati
307 3977 329 4010 a
365 3960 375 4028 ll
412 3959 445 4012 15
464 3960 524 4010 ante
543 3957 591 4011 hos
610 3957 723 4026 obliquis
742 3965 771 4025 p,
794 3973 861 4026 quos
880 3957 1000 4026 obliquos
1021 3976 1037 4007 α
1074 3956 1083 4025 ll
1121 3958 1154 4010 16

78 4045 111 4098 in
129 4045 268 4100 altitudine
287 4047 331 4114 Αβ
365 4046 375 4114 ll
410 4049 464 4100 tres
483 4046 510 4099 in
529 4045 696 4101 altitudinem
715 4047 796 4115 pedes
816 4066 833 4098 α
870 4047 878 4113 ll
917 4047 957 4100 18.
979 4044 1154 4099 redemitu-

79 4134 180 4189 bantur
198 4134 273 4203 Ala,
297 4135 498 4190 dimittebantur
515 4134 546 4188 X
574 4137 583 4204 ll
617 4136 649 4190 19
668 4142 718 4202 ep
758 4134 766 4207 ll
808 4135 841 4188 21
861 4135 943 4204 pedes
962 4134 1003 4187 ΙΠ
1022 4135 1093 4186 terra
1110 4141 1128 4201 β
1146 4133 1154 4206 ll

78 4224 120 4277 ’22
137 4224 258 4293 uirgultis
270 4231 298 4292 β;
317 4223 429 4278 uinculis
444 4243 461 4275 u
498 4222 506 4294 ll
543 4225 585 4278 22.
600 4225 634 4278 23
647 4224 786 4292 tegebatur
797 4224 853 4294 χ8;
873 4223 1057 4292 inpediebatur
1072 4221 1130 4276 ΒΜ
1146 4221 1154 4294 ΙΙ

77 4313 119 4368 ’23
139 4313 211 4367 ducti
229 4321 258 4382 {³3
276 4313 361 4368 iuncti
381 4333 399 4365 α
