2806 4778
401 254 404 262 ’
446 295 554 350 arara
572 296 634 351 rur.
656 296 731 352 aar.
751 299 832 351 a-r.
1130 284 1175 346 79

102 463 135 521 et
157 459 249 522 novis
264 459 452 542 plerumque
469 459 565 523 rebus
580 461 723 541 student,
746 461 827 523 nihil
841 461 891 524 his
907 462 1173 525 committendum

102 565 305 629 existimavit
352 571 400 630 est
423 568 510 629 enim
533 567 593 629 boc
617 566 757 632 Gallicae
781 568 1036 649 consuetudinis,
1064 569 1112 631 uti
1141 576 1173 632 et
1187 591 1207 632 a

71 675 240 736 sviatores
264 673 359 735 etiam
381 674 499 736 invitos
528 675 700 738 consistere
728 680 843 757 cogant
870 679 901 738 et
929 675 1006 757 quid
1036 676 1174 758 quisque

100 799 212 844 eorum
238 780 277 843 de
301 799 430 861 quaque
452 801 487 845 re
512 781 648 844 audierit
676 787 731 844 aut
754 783 940 864 cognoverit
963 787 1118 863 quaerant
1141 787 1176 846 et

99 891 294 951 mercatores
320 889 354 949 in
384 888 507 970 oppidis
534 888 650 971 vulgus
678 889 892 952 circumsistat
919 888 1101 971 quibusque
1130 909 1171 953 ex

99 993 286 1078 regionibus
314 995 444 1058 veniant
473 1013 616 1077 quasque
643 994 689 1057 ibi
715 1013 766 1058 res
795 997 1003 1080 cognoverint
1030 1015 1172 1078 pronun-

101 1103 181 1164 tiare
213 1105 313 1185 cogat.
368 1101 417 1164 his
449 1100 545 1164 rebus
583 1107 678 1183 atque
711 1101 928 1166 auditionibus
963 1103 1098 1185 permoti
1132 1103 1172 1166 de
1185 1124 1206 1165 a

58 1228 87 1270 ro
102 1209 236 1271 summis
260 1227 353 1290 saepe
373 1208 470 1272 rebus
487 1210 619 1272 consilia
633 1211 762 1290 ineunt,
786 1228 924 1290 quorum
940 1229 995 1273 eos
1017 1210 1051 1271 in
1074 1211 1172 1273 vesti-

103 1316 156 1397 gio
170 1316 332 1397 paenitere
347 1333 478 1378 necesse
495 1321 555 1396 est,
578 1336 653 1380 cum
674 1318 807 1380 incertis
830 1316 1014 1379 rumoribus
1030 1317 1173 1379 serviant

74 1424 135 1484 ret
155 1421 300 1504 plerique
324 1423 364 1485 ad
387 1422 585 1487 voluntatem
608 1442 719 1486 eorum
741 1421 817 1486 ficta
840 1423 1061 1506 respondeant.
1101 1420 1215 1497 Quat

101 1527 334 1592 consuetudine
358 1531 486 1612 cognita
509 1528 637 1611 Caesar,
661 1548 701 1592 ne
717 1531 857 1613 graviori
873 1529 956 1592 bello
982 1535 1171 1612 occurreret,

99 1636 258 1698 maturius
283 1656 380 1718 quarn
404 1640 573 1700 consuerat
600 1637 641 1699 ad
663 1639 841 1700 exercitum
865 1636 1085 1720 proficiscitur.
1131 1655 1204 1700 eoa

99 1761 175 1805 cum
198 1743 350 1825 venisset,
374 1762 423 1825 ea,
447 1762 528 1824 quae
552 1742 619 1806 fore
643 1744 821 1826 suspicatus
846 1748 925 1825 erat,
948 1742 1031 1806 facta
1054 1761 1171 1826 cogno·

70 1851 160 1912 avit:
185 1850 299 1913 missas
322 1851 498 1934 legationes
526 1849 565 1912 ab
594 1869 659 1912 non
688 1849 785 1912 nullis
813 1849 995 1913 civitatibus
1024 1850 1064 1912 ad
1093 1849 1170 1912 Ger·
1184 1870 1205 1911 a

99 1976 213 2020 manos
227 1958 443 2037 invitatosque
463 1975 531 2037 eos,
554 1957 602 2019 uti
626 1956 664 2019 ab
680 1956 792 2020 Rheno
817 1956 1030 2020 discederent:
1055 1957 1171 2038 omnia,

100 2063 274 2148 quae[que]
298 2063 525 2146 postulassent,
554 2062 593 2125 ab
622 2081 655 2126 se
683 2062 750 2126 fore
773 2068 889 2146 parata.
941 2082 1004 2144 qua
1031 2082 1086 2145 spe
1115 2063 1171 2125 ad·
1184 2083 1205 2124 r.

100 2172 190 2235 ducti
207 2171 355 2235 Germani
371 2170 467 2232 latius
483 2171 547 2232 iam
562 2169 760 2253 vagabantur
780 2176 812 2234 et
833 2172 868 2232 in
883 2169 964 2233 fines
980 2169 1170 2233 Eburonum

101 2283 132 2342 et
156 2277 409 2358 Condrusorum,
438 2278 495 2359 qui
518 2283 594 2340 sunt
615 2277 826 2340 Treverorum
849 2277 992 2358 clientes,
1016 2295 1171 2360 pervene-

59 2406 86 2448 ro
99 2390 181 2448 rant.
226 2383 424 2466 principibus
449 2383 569 2448 Galliae
589 2385 728 2447 evocatis
745 2382 860 2448 Caesar
883 2402 932 2466 ea,
957 2403 1037 2464 quae
1053 2402 1171 2466 cogno·
1184 2405 1204 2445 o

99 2496 203 2573 verat,
227 2491 457 2554 dissimulanda
480 2491 540 2554 sibi
557 2491 752 2554 existimavit
775 2508 949 2572 eorumque
969 2491 1084 2553 animis
1099 2510 1170 2573 per-

100 2596 213 2660 mulsis
241 2602 272 2660 et
300 2597 494 2661 confirmatis
522 2599 731 2680 equitatuque
764 2598 917 2680 imperato
946 2596 1065 2660 bellum
1095 2617 1170 2661 cum

74 2701 268 2768 rGermanis
300 2723 410 2787 gerere
444 2705 616 2767 constituit.
671 2704 718 2768 Re
750 2703 957 2766 frumentaria
989 2708 1212 2786 comparata?

101 2811 327 2894 equitibusque
351 2810 482 2874 delectis
504 2811 566 2873 iter
587 2813 622 2873 in
647 2829 685 2874 ea
707 2811 778 2874 loca
791 2811 895 2873 facere
911 2811 1027 2892 coepit,
1052 2811 1171 2891 quibus

99 2921 136 2981 in
158 2918 236 2981 locis
253 2936 322 2980 esse
339 2917 515 2981 Germanos
532 2916 688 2981 audiebat.
727 2937 746 2979 a
769 2917 885 2998 quibus
905 2936 978 2979 cum
992 2936 1200 2999 paucoruma

100 3024 225 3086 dierum
249 3026 310 3087 iter
333 3024 470 3104 abesset,
492 3023 590 3105 legati
613 3024 651 3086 ab
675 3025 715 3087 iis
736 3029 906 3104 venerunt,
931 3042 1067 3104 quorum
1090 3024 1169 3086 haec

71 3130 161 3194 afuit
184 3133 298 3195 oratio:
324 3131 499 3195 Germanos
522 3149 628 3213 neque
651 3132 773 3213 priores
796 3129 913 3212 populo
936 3128 1080 3192 Romano
1103 3129 1204 3193 bel-e

98 3238 168 3300 lum
196 3237 312 3300 inferre
339 3257 443 3321 neque
472 3243 581 3300 tamen
607 3257 767 3318 recusare,
796 3238 823 3299 si
850 3236 1060 3318 lacessantur,
1090 3237 1170 3319 quin

100 3345 197 3407 armis
225 3345 433 3426 contendant,
462 3345 549 3425 quod
577 3344 810 3407 Germanorum
839 3342 1036 3406 consuetudo
1066 3341 1170 3426 [haec]

188 3539 216 3592 5.
236 3539 253 3590 4
272 3538 350 3606 enim]
370 3540 459 3591 autem
473 3537 522 3604 ΜΗ
553 3537 561 3608 ΗΗ
597 3537 748 3608 galliaepf¹
785 3536 793 3607 ΗΗ
830 3539 888 3603 utfl
925 3535 933 3607 ΗΗ
970 3536 1173 3604 5quidAr'm.;

98 3627 212 3697 quodX
246 3625 253 3698 ΗΗ
290 3627 422 3696 9cogant
441 3646 458 3678 u
495 3625 503 3696 ΗΗ
540 3628 582 3680 his
602 3627 681 3680 rebus
702 3646 732 3693 u,
750 3627 785 3679 Et
803 3627 845 3680 his
864 3626 1052 3693 rumoribusss
1088 3625 1096 3696 ΗΗ
1134 3626 1172 3680 10

97 3717 211 3770 summis
223 3717 302 3769 rebus
315 3723 423 3784 saepest
459 3714 466 3786 ΗΗ
503 3716 539 3785 in]
558 3716 661 3770 edim.
699 3715 706 3786 ΗΗ
745 3719 776 3768 11
796 3715 946 3768 rumoribus
964 3722 993 3782 p3
1012 3715 1131 3770 moribus
1151 3735 1174 3765 ιι

187 3805 215 3860 6.
236 3806 252 3858 3
276 3809 451 3859 consueuerat
476 3806 519 3858 Srr
556 3805 564 3876 ΗΗ
601 3805 673 3858 5ab
698 3823 727 3871 u,
756 3811 806 3871 ap
842 3804 850 3876 ΗΗ
887 3807 911 3859 6.
937 3806 951 3858 7
981 3804 1069 3857 onmia
1100 3820 1174 3872 quae

97 3893 183 3961 Mor.;
207 3893 296 3948 omnia
319 3910 438 3963 quaeque
462 3894 500 3961 X,
524 3894 662 3962 omniaque
682 3910 749 3962 quae
768 3893 830 3947 Ala.
869 3892 877 3965 ΗΗ
915 3896 1000 3960 lap
1036 3892 1044 3963 ΗΗ
1080 3893 1169 3947 8ianr

97 4001 151 4037 om.
172 4003 189 4034 u
227 3981 234 4053 ΗΗ
270 3983 406 4050 finibusp
442 3983 450 4053 ΗΗ
488 3984 670 4048 eburoiump
706 3982 714 4053 ΗΗ
751 3983 987 4036 ticondiusonum
1011 4002 1028 4034 u
1065 3980 1073 4052 ΗΗ
1114 3983 1170 4034 tre-

97 4073 216 4126 birorum
235 4091 262 4142 p,
283 4075 346 4141 (om.
366 4075 398 4140 rr)
436 4071 444 4143 ΗΗ
481 4072 851 4140 9.10per·uaneruntSB²,3
887 4070 895 4141 ΗΗ
933 4072 966 4125 10
986 4071 1086 4124 uocatis
1106 4090 1123 4120 u

189 4163 215 4217 7.
236 4163 252 4215 3
271 4177 409 4231 germanos
428 4177 486 4214 esse
507 4161 547 4227 Sp
580 4160 587 4230 Η
625 4161 693 4213 riis
712 4161 751 4214 cd.
771 4163 798 4227 13
823 4161 865 4213 his
884 4160 914 4212 X
948 4159 956 4231 ΗΗ
994 4159 1094 4212 ihaec
1114 4176 1173 4210 om.

98 4248 137 4319 A3
156 4251 206 4304 del.
225 4250 314 4304 Kron.
