2806 4778
450 304 557 358 LIBER
577 305 609 357 V.
630 304 705 358 CAP.
725 304 825 359 9—12.
1112 290 1173 351 105

104 467 216 550 nibuS,
246 486 328 550 quae
357 470 421 531 sint
447 467 534 550 apud
562 487 648 550 eum,
677 487 774 530 nares
802 468 956 531 instituat.
1007 469 1087 550 ipso,
1117 469 1203 532 etsis

63 594 156 642 rores
180 580 248 639 erat
269 575 390 639 multae
409 594 522 658 operae
542 594 578 638 ac
597 575 728 656 laboriS,
752 579 857 637 tamen
882 575 1175 638 commodissimum

104 701 176 746 esse
200 683 310 745 statuit
333 701 443 745 omnes
465 701 564 745 nares
587 680 724 744 subduci
748 688 871 745 etcum
891 683 1001 744 castris
1025 701 1088 744 una
1105 701 1175 744 mu-

104 790 229 852 nitione
253 788 413 871 coniungi.
460 790 494 851 in
522 789 571 851 his
595 788 690 852 rebus
715 789 840 851 circiter
864 789 930 851 dies
953 787 988 851 X
1015 789 1204 851 consumite

105 915 149 960 ne
168 897 334 959 nocturnis
353 895 483 976 quidem
497 895 693 978 temporibus
712 896 752 957 ad
766 894 909 959 laborem
925 896 1064 958 militum
1078 897 1174 957 inter-

105 1004 221 1066 missis.
269 1001 434 1068 subductis
452 1002 589 1066 naribus
608 1003 784 1084 castrisque
808 1003 933 1085 egregie
953 1002 1085 1064 munitis
1108 1021 1203 1068 eas-r

65 1133 92 1175 rs
107 1109 182 1173 dem·
206 1111 326 1193 copias,
351 1129 431 1191 quas
455 1117 541 1190 ante,
565 1110 722 1191 praesidio
747 1109 884 1172 navibus
912 1109 1080 1191 relinquit,
1109 1110 1175 1191 ipse
1216 1165 1219 1169 .

107 1216 235 1298 eodem,
270 1215 355 1279 unde
387 1215 537 1297 redierat,
574 1215 792 1298 proficiscitur.
848 1235 885 1279 eo
924 1236 998 1279 cum
1030 1217 1204 1295 venisset,s

106 1325 245 1387 maiores
268 1324 331 1385 iam
356 1322 497 1403 undique
525 1325 559 1385 in
588 1342 663 1386 eum
685 1323 791 1386 locum
816 1325 924 1406 copiae
947 1323 1176 1386 Britannorum

107 1436 326 1497 convenerant
353 1449 477 1493 summa
500 1431 624 1512 imperii
652 1430 792 1510 bellique
821 1429 1063 1494 administrandi
1092 1450 1177 1493 com-

106 1538 199 1600 muni
223 1536 356 1600 consilio
380 1539 534 1620 permissa
558 1535 809 1618 Cassivellauno,
833 1538 925 1599 ouius
948 1537 1028 1600 fines
1047 1557 1065 1599 a
1082 1538 1195 1599 mari.

66 1664 94 1707 ao
108 1645 195 1707 timis
218 1643 400 1709 civitatibus
423 1643 545 1708 flumen
569 1645 695 1725 dividit,
721 1645 808 1726 quod
831 1645 1008 1727 appellatur
1029 1645 1177 1725 Tamesis,

108 1770 128 1812 a
160 1751 240 1813 mari
268 1751 394 1814 circiter
420 1751 510 1813 milia
536 1771 690 1833 passuum
717 1750 852 1814 LXXX.
904 1751 980 1813 huic
1013 1751 1206 1833 superiores

108 1864 251 1940 tempore
279 1878 352 1920 oum
375 1856 509 1938 reliquis
536 1857 719 1921 civitatibus
748 1859 944 1921 continentia
971 1858 1054 1921 bella
1081 1859 1178 1920 inter-

108 1970 284 2045 cesserant,
310 1964 366 2028 sed
389 1970 497 2027 nostro
521 1965 661 2028 adventu
684 1967 820 2048 permoti
840 1965 986 2027 Britanni
1011 1965 1097 2027 huno
1121 1965 1178 2026 toti

108 2071 194 2134 bello
218 2071 417 2154 imperioque
440 2071 664 2154 praefecerant.

80 2201 92 2241 1
168 2212 173 2217 ·
200 2177 386 2242 Britanniae
409 2198 482 2261 pars
504 2179 637 2241 interior
665 2179 703 2241 ab
728 2180 767 2242 iis
790 2178 954 2260 incolitur,
985 2197 1065 2261 quos
1088 2183 1179 2240 natos
1198 2186 1234 2240 12

107 2284 274 2349 ininsula
301 2286 370 2367 ipsa
397 2286 551 2348 memoria
579 2285 740 2367 proditum
769 2286 893 2366 dicunt,
921 2286 1080 2347 maritima
1106 2301 1206 2367 parsa

109 2391 149 2455 ab
177 2392 230 2474 iio,
265 2392 321 2474 qui
344 2392 484 2474 ,praedae
518 2412 554 2454 ac
584 2391 659 2456 belli
686 2392 844 2456 inferendi
873 2412 969 2455 causa
997 2411 1039 2455 ex
1068 2392 1179 2474 Belgio

109 2500 306 2562 transierunt
329 2536 371 2545 —
397 2499 454 2582 qui
474 2518 585 2562 onmes
607 2498 672 2562 fere
690 2500 792 2562 isdem
812 2498 996 2563 nominibus
1016 2501 1179 2562 civitatum

81 2605 322 2688 cappellantur,
347 2604 463 2686 quibus
488 2607 549 2669 orti
573 2624 614 2668 ex
638 2604 819 2668 civitatibus
843 2625 880 2669 eo
903 2612 1118 2689 pervenerunt
1138 2607 1179 2651 ὲ-

111 2717 143 2776 et
167 2710 249 2775 bello
271 2712 370 2775 inlato
394 2711 440 2774 ibi
463 2719 686 2776 remanserunt
709 2719 805 2795 atque
829 2732 920 2796 agros
944 2713 1047 2776 colere
1071 2730 1180 2794 coepe-

110 2825 196 2884 runt.
242 2819 408 2882 hominum
425 2824 479 2882 'est
494 2818 619 2882 infinita
634 2819 805 2882 multitudo
823 2819 1078 2900 creberrimaque
1094 2818 1180 2880 aedi·
1194 2835 1209 2876 3

110 2925 185 2989 ficia
216 2926 280 2989 fere
307 2925 440 2990 Gallicis
472 2927 663 3006 consimilia,
696 2927 818 3008 peeoris
850 2945 986 3008 magnus
1017 2943 1179 2987 numerus.

111 3037 249 3095 utuntur
273 3031 340 3117 [aut
363 3032 447 3116 aere]
472 3038 526 3096 aut
548 3053 680 3095 nummo
697 3051 793 3095 aureo
818 3039 872 3094 aut
895 3033 986 3094 taleis
1008 3032 1118 3096 ferreis
1141 3031 1209 3094 adr

70 3144 237 3203 rocer'tum
274 3139 400 3223 pondus
437 3140 627 3203 examinatis
664 3158 720 3222 pro
756 3158 895 3201 nummo.
956 3140 1097 3201 nascitur
1134 3138 1228 3200 ibis.

174 3370 177 3375 Δ
203 3361 293 3440 esur
311 3360 419 3454 ,llorus3
439 3390 501 3440 sunt
518 3387 549 3440 X
578 3388 586 3455 ΗΗ
621 3389 652 3440 15
673 3402 738 3455 quas
757 3404 786 3452 ας
807 3392 910 3454 quaer}
942 3388 950 3451 ΗΗ
981 3385 1104 3454 nauibus]
1125 3385 1182 3439 lue·

112 3478 173 3529 rant
191 3476 289 3544 aduri
321 3477 329 3545 ΗΗ
361 3476 487 3544 relinquit
504 3483 534 3543 ri,
552 3476 659 3544 reliquit
678 3494 715 3529 uo
740 3477 748 3544 ΗΗ
776 3477 808 3560 ll
828 3475 882 3527 iam
901 3480 990 3541 ormi
1021 3475 1030 3545 ΗΗ
1065 3474 1096 3528 19
1116 3475 1182 3528 casi-

114 3564 238 3619 urllauno
258 3583 275 3616 o
308 3566 317 3634 ΗΗ
349 3565 381 3618 21
402 3582 418 3618 a
436 3565 503 3618 mari
522 3565 626 3619 circiter
644 3564 717 3618 milia
734 3580 862 3632 passuum
882 3563 989 3617 LXXX
1007 3564 1057 3641 dcl.
1078 3560 1137 3616 HM

152 3710 170 3718 .·
208 3671 273 3741 Cap.
293 3671 404 3727 12-14
427 3672 558 3726 Caesaris
577 3689 633 3726 osse
652 3677 733 3740 nepot
759 3671 831 3726 Wcr.
868 3640 870 3644 Α
1034 3728 1036 3735 ,

204 3779 250 3834 12.
271 3781 284 3832 l
305 3779 448 3846 inferiorp
480 3781 488 3848 ΗΗ
524 3779 557 3832 iis
577 3780 617 3846 ul3
641 3779 718 3846 hisp
755 3780 762 3846 ΗΗ
800 3779 892 3847 ‘lipsa
910 3796 940 3845 o3
964 3779 1015 3846 ipsi
1034 3778 1092 3831 rell.
1126 3780 1134 3846 ΗΗ
1167 3780 1183 3831 3

114 3867 157 3922 his
175 3874 196 3935 β.
223 3868 248 3935 Η
263 3884 294 3922 ac
313 3867 376 3922 belli
393 3867 523 3923 inferendi
542 3869 591 3921 clel.
612 3868 699 3936 Apita
731 3868 739 3936 Η
771 3869 966 3922 4transierant
986 3887 1003 3918 u
1038 3869 1059 3936 Η
1082 3867 1182 3920 eisdem

115 3956 202 4024 Paul,
220 3956 253 4010 iis
273 3975 304 4024 ας
322 3958 399 4024 Ηίεβ
431 3958 439 4024 ΗΗ
472 3957 654 4027 ciuitatiump
686 3962 694 4024 ΗΗ
727 3958 998 4025 6pe1manserunto
1031 3957 1039 4020 ΗΗ
1070 3955 1183 4008 BPeco·

112 4053 175 4111 frum
195 4065 212 4097 o
230 4047 260 4115 Η
284 4062 397 4115 magnus
417 4046 887 4115 numeruso3numerusingonsf1
919 4048 927 4114 ΗΗ
959 4046 1041 4098 itaut
1059 4061 1119 4097 aere
1133 4044 1183 4097 del.

118 4134 311 4189 TbMommsen
341 4141 350 4204 ΗΗ
386 4152 466 4190 aureo
487 4154 517 4203 o,
540 4142 651 4201 aereofl
687 4137 695 4204 ΗΗ
732 4135 862 4202 taleis⁴rr3
885 4134 943 4188 aliis
962 4153 996 4203 op
1033 4135 1042 4198 ΗΗ
1080 4133 1113 4187 10
1137 4148 1185 4201 pro

116 4240 224 4279 nummo
242 4232 331 4294 emp
