2806 4778
178 318 241 379 156
576 330 682 384 BELLI
700 329 842 385 GALLICI

176 500 209 557 et
230 495 344 557 Titurii
367 495 591 574 calamitatem,
621 495 736 575 quiin
763 495 876 557 eodem
905 492 1081 557 occiderint
1108 493 1248 573 castello,

148 608 249 666 rante
273 601 383 665 oculos
405 610 536 684 ponunt.
584 602 639 664 tali
664 602 777 665 timore
801 600 949 664 omnibus
971 601 1150 683 perterritis
1173 619 1247 663 con-

175 708 320 773 firmatur
344 709 450 792 opinio
474 709 629 791 barbaris,
654 716 689 771 ut
711 709 894 790 exceptive
914 707 1095 790 audierant,
1120 707 1245 769 nullum

136 838 162 880 ιο
175 835 244 879 esse
273 818 359 879 intus
386 816 589 899 praesidium.
639 834 845 898 perrumpere
877 816 1027 877 nituntur
1054 833 1154 896 seque
1187 815 1283 896 ipsine

176 923 397 1003 adhortantur,
427 942 466 987 ne
491 930 611 986 tantam
639 922 799 986 fortunam
828 941 870 985 ex
897 920 1047 983 manibus
1077 921 1244 983 dimittant.

121 1043 157 1099 38
175 1030 253 1093 Erat
277 1048 371 1112 aeger
398 1031 434 1091 in
456 1031 615 1112 praesidio
639 1030 769 1092 relictus
794 1028 829 1092 P.
854 1027 983 1092 Sextius
1005 1027 1161 1110 Baculus,
1191 1027 1268 1109 quii

175 1139 315 1219 primum
338 1137 440 1220 pilum
464 1137 548 1220 apud
572 1136 741 1200 Caesarem
765 1135 913 1217 duxerat,
937 1136 1030 1198 cuius
1048 1136 1244 1198 mentionem

176 1244 394 1327 superioribus
417 1244 548 1326 proeliis
570 1244 717 1324 fecimus,
742 1262 779 1304 ac
803 1243 888 1306 diem
911 1243 977 1304 iam
1001 1243 1153 1323 quintum
1177 1221 1244 1304 cibo

149 1356 329 1414 acaruerat.
377 1351 428 1413 hic
452 1348 575 1412 diffisus
599 1369 675 1414 suae
700 1355 795 1432 atque
820 1350 965 1412 omnium
992 1349 1089 1411 saluti
1117 1349 1245 1411 inermis

177 1476 219 1521 ex
247 1457 451 1520 tabernaculo
479 1457 598 1540 prodit:
632 1457 722 1520 ridet
752 1457 920 1519 imminere
952 1456 1059 1519 hostes
1088 1461 1185 1537 atque
1211 1456 1269 1518 ina

176 1583 301 1627 summo
324 1583 391 1627 rem
416 1583 486 1627 esse
511 1564 709 1627 discrimine:
734 1564 819 1646 capit
842 1583 930 1625 arma
946 1582 965 1625 a
979 1562 1138 1645 proximis
1155 1569 1245 1644 atque

149 1673 211 1733 ain
239 1677 329 1753 porta
357 1672 510 1735 consistit.
561 1675 804 1752 consequuntur
830 1670 917 1733 hunc
945 1670 1150 1733 centuriones
1179 1670 1245 1733 eius

177 1779 329 1861 cohortis,
359 1798 441 1861 quae
470 1779 504 1841 in
532 1779 668 1841 statione
697 1783 778 1855 erat3
806 1777 969 1860 paulisper
996 1796 1061 1839 una
1088 1777 1246 1860 proelium

148 1887 344 1951 rsustinent.
399 1886 555 1968 relinquit
586 1885 714 1947 animus
746 1883 894 1948 Sextium
926 1883 1079 1966 gravibus
1093 1938 1096 1942 ,
1111 1884 1246 1966 acceptis

149 1993 380 2074 svulneribus3
406 2013 500 2077 aegre
519 2012 576 2076 per
590 2012 706 2055 manus
722 1992 857 2054 traditus
874 1995 1027 2055 servatur.
1067 1991 1129 2053 hoc
1146 1992 1282 2073 spatiare

175 2101 363 2184 interposito
391 2101 509 2182 reliqui
537 2119 606 2163 sese
634 2098 825 2162 confirmant
852 2103 990 2178 tantum,
1017 2103 1055 2160 ut
1082 2098 1119 2161 in
1142 2099 1247 2161 muni-

177 2208 319 2272 tionibus
343 2210 516 2271 consistere
541 2207 680 2270 audeant
702 2207 906 2289 speciemque
930 2204 1136 2269 defensorum
1160 2224 1247 2288 prae·

122 2323 158 2379 39
177 2314 281 2378 beant.
327 2314 462 2378 Interim
485 2313 628 2376 confecta
649 2313 895 2376 frumentatione
918 2312 1037 2375 milites
1061 2312 1164 2374 nostri
1188 2312 1268 2375 cla-i

177 2440 299 2484 morem
322 2422 513 2499 exaudiunt3
537 2428 747 2502 praecurrunt
770 2421 905 2503 equiteS,
930 2423 1050 2501 quanto
1074 2439 1126 2482 res
1150 2420 1193 2482 sit
1214 2420 1248 2481 in

151 2528 319 2610 epericulo
348 2532 554 2610 cognoscunt.
606 2527 657 2590 hic
685 2546 760 2590 vero
789 2527 880 2591 nulla
906 2526 1043 2588 munitio
1072 2531 1133 2608 est,
1169 2545 1248 2609 quae

177 2637 360 2718 perterritos
384 2635 528 2717 recipiat:
557 2634 653 2697 modo
678 2634 851 2717 conscripti
880 2642 973 2716 atque
997 2652 1076 2696 usus
1099 2633 1248 2696 militaris

177 2742 315 2824 imperiti
339 2741 379 2803 ad
403 2740 570 2803 tribunum
593 2741 734 2803 militmn
757 2741 1025 2820 centurionesque
1045 2759 1100 2803 ora
1117 2758 1272 2803 conver-s

149 2854 264 2928 atunt3
290 2848 368 2932 quid
392 2848 431 2911 ab
455 2849 504 2911 bis
527 2849 741 2931 praecipiatur
764 2852 942 2931 expectant.
987 2865 1083 2910 nemo
1114 2852 1164 2910 est
1186 2853 1247 2910 tam

150 2956 279 3039 afortiS,
304 2957 382 3039 quin
405 2958 453 3020 rei
468 2957 609 3019 novitate
625 2954 837 3038 perturbetur.
876 2953 1002 3017 barbari
1018 2953 1113 3036 signa
1136 2953 1249 3037 procul

178 3064 353 3146 conspicati
376 3064 613 3146 oppugnatione
638 3063 810 3139 desistunt;
834 3061 956 3124 redisse
978 3062 1082 3143 primo
1105 3059 1249 3144 legiones

178 3170 325 3251 credunt,
350 3189 429 3252 quas
452 3170 580 3252 longius
604 3169 787 3232 discessisse
812 3187 853 3231 er
869 3168 1002 3251 captivis
1018 3172 1247 3251 cognoverant3

177 3282 288 3360 postea
312 3277 458 3360 despecta
485 3277 644 3360 paucitate
673 3295 714 3339 ex
743 3275 892 3338 omnibus
920 3273 1065 3357 partibus
1092 3275 1248 3358 impetum
1262 3292 1288 3335 ro

123 3392 160 3447 40
177 3382 306 3445 faciunt.
353 3383 487 3448 Calones
502 3386 537 3446 in
553 3384 737 3466 proximum
754 3383 915 3445 tumulum
933 3388 1135 3464 procurrunt.
1174 3383 1275 3445 hinci

270 3615 301 3665 17
321 3613 348 3664 in
368 3612 707 3679 eocastelloocciderintfl
738 3614 746 3681 d
781 3611 920 3665 latiniore
934 3630 964 3679 a3
984 3616 1133 3679 temporep
1165 3611 1173 3677 d
1208 3609 1248 3663 18.

180 3704 212 3756 19
232 3703 421 3770 adfirmaturfl
452 3704 460 3770 d
494 3703 525 3755 ‘21
547 3709 596 3769 ed

267 3810 313 3864 38.
334 3812 348 3861 1
368 3810 395 3861 in
413 3816 442 3876 p,
463 3826 524 3862 cum
544 3829 561 3860 a
594 3810 602 3876 d
633 3808 663 3862 P.
684 3816 772 3875 onap
804 3808 812 3875 ἶ]
845 3809 951 3877 Papud
969 3814 997 3875 fl3
1017 3808 1050 3861 ad
1063 3827 1080 3858 a
1113 3806 1121 3874 ss
1155 3808 1250 3868 desse

178 3915 234 3951 reni
254 3918 272 3949 a
304 3901 312 3966 d
346 3898 569 3966 VSequunturp
601 3899 609 3966 pl
642 3899 676 3953 10
689 3897 845 3951 uulneribus
859 3898 996 3966 deficiens,
1016 3904 1123 3966 aegrefl
1155 3899 1164 3961 ll
1196 3901 1250 3949 tra·

178 3989 250 4042 ditus
268 3988 391 4055 Melam,
411 3991 511 4041 tractus
529 3988 560 4041 X

266 4078 313 4134 39.
334 4078 349 4130 2
369 4077 403 4130 sit
421 4085 498 4145 resp
530 4079 538 4145 3}
571 4079 660 4131 btanr
679 4095 731 4130 om.
753 4097 770 4128 c
807 4078 815 4145 Η
851 4078 876 4130 6.
897 4079 911 4130 7
932 4092 1009 4129 nemo
1030 4116 1125 4129 ......
1144 4077 1252 4144 pertur-

178 4168 255 4222 betur
273 4168 323 4220 ἀεὶ.
350 4167 436 4221 Vielb.
470 4170 478 4237 ᾗ(
511 4167 545 4221 10
564 4167 683 4234 dispecta
700 4166 776 4219 Paul

267 4258 313 4312 ab.
335 4259 347 4309 1
368 4258 396 4310 in
415 4257 531 4326 primum
551 4255 696 4309 tumultum
716 4255 859 4324 (tumulum
877 4255 925 4324 cf)
944 4257 1103 4324 procurrunt
1119 4261 1137 4321 β
