2806 4778
173 287 214 349 72
579 300 684 355 BELLI
703 300 846 356 GALLICI

173 469 221 527 est
244 464 402 545 condiom,
430 471 466 527 ut
489 463 638 527 omnibus
663 465 696 526 iu
719 464 784 526 vita
807 460 984 527 commodis
1012 481 1084 526 una
1115 482 1197 527 cirin
1222 464 1288 529 iisa

172 570 331 654 inurantur,
369 591 505 652 quorum
539 589 573 633 se
605 572 763 633 amicitiae
795 570 985 651 dediderint,
1024 570 1054 633 si
1090 570 1177 651 quid
1213 571 1263 633 his

173 697 230 761 per
253 679 318 740 vim
342 678 475 759 accidat,
504 682 560 740 aut
582 677 721 740 eundem
745 696 854 741 casum
878 695 943 739 una
970 675 1077 740 ferant
1108 683 1170 740 aut
1198 677 1261 741 sibi

145 789 310 849 smortem
334 786 545 864 consciscant,
571 803 675 866 neque
699 784 802 847 adhuc
826 784 993 847 hominum
1016 785 1187 848 memoria
1211 804 1261 848 re-

173 898 282 975 pertus
306 897 354 955 est
378 891 563 973 quisquam,
588 893 643 972 qui
667 911 704 955 eo
724 891 903 971 interiecto,
927 891 1020 953 cuius
1037 909 1073 954 se
1091 892 1259 955 amicitiae

144 1024 159 1063 4
173 999 362 1080 devovisset,
375 1004 509 1061 mortem
521 1007 728 1062 recusaret-
746 1017 819 1060 cum
829 999 879 1061 his
889 996 1100 1061 Adiatunnus
1112 1001 1258 1082 eruptio-
1272 1023 1295 1064 10

174 1126 247 1170 nem
285 1107 389 1169 facere
427 1111 561 1168 conatus
599 1105 735 1168 clamore
776 1104 814 1167 ab
854 1124 891 1168 ea
928 1110 1018 1186 parte
1056 1105 1257 1169 munitionis

173 1212 297 1276 sublato
332 1231 405 1275 oum
433 1210 472 1274 ad
501 1231 588 1274 arma
616 1212 734 1275 milites
762 1212 998 1275 concurrissent
1025 1212 1257 1277 vehementer-

175 1339 236 1400 que
260 1319 304 1380 ibi
328 1324 505 1402 pugnatum
528 1324 626 1400 esset,
655 1319 802 1402 repulsus
825 1319 860 1381 in
885 1316 1037 1402 oppidum
1067 1323 1183 1383 tamen
1206 1321 1256 1383 uti

174 1425 286 1489 eadem
309 1423 480 1489 deditionis
504 1426 693 1489 condicione
709 1431 853 1490 uteretur
876 1446 895 1488 a
919 1424 1031 1489 Crasso
1054 1427 1254 1509 impetrarit.

118 1547 155 1602 23
263 1533 371 1595 Armis
404 1532 633 1613 obsidibusque
666 1533 802 1615 acceptis
840 1532 971 1596 Crassus
1002 1533 1038 1594 iu
1070 1531 1158 1596 fines
1191 1532 1278 1597 Vo-1

146 1640 291 1704 acatium
325 1645 356 1702 et
382 1638 582 1703 Tarusatium
615 1640 775 1723 profectus
808 1647 862 1703 est.
909 1646 978 1703 tum
1010 1657 1086 1701 vero
1120 1639 1253 1703 barbari

174 1748 335 1829 commoti,
360 1746 446 1829 quod
470 1747 622 1830 oppidum
646 1753 678 1810 et
699 1751 815 1810 natiue
837 1747 899 1810 loci
915 1752 947 1811 et
961 1765 1061 1808 manu
1083 1749 1252 1811 munitum

173 1855 283 1936 paucis
300 1853 424 1936 diebus,
450 1854 572 1936 quibus¹
585 1873 621 1917 eo
638 1859 769 1918 ventum
790 1860 868 1936 erat,
893 1859 1113 1936 expugnatum
1130 1872 1251 1938 cogno-

174 1966 299 2043 verant,
322 1961 442 2044 legutos
459 1981 587 2043 quoque
603 1981 716 2025 versus
732 1960 904 2043 dimittere,
921 1960 1101 2041 coniurare,
1119 1959 1276 2026 obsidess

146 2069 257 2134 ainter
281 2087 314 2130 se
338 2069 424 2150 dare,
453 2070 560 2152 copias
587 2088 698 2151 parare
722 2073 903 2151 coeperunt.
949 2068 1123 2130 mittuntur
1151 2070 1250 2132 etiam

174 2175 214 2238 ad
247 2195 299 2238 eas
332 2177 473 2239 civitates
505 2176 613 2258 legati,
651 2196 733 2257 quae
769 2182 845 2239 sunt
876 2175 1032 2239 citerioris
1069 2173 1250 2258 Hispaniae

173 2280 329 2345 finitimae
352 2283 559 2363 Aquitaniae:
589 2283 663 2346 inde
692 2284 812 2346 arixilia
841 2284 1003 2362 ducesque
1032 2288 1249 2345 arcessuntm:

147 2407 312 2471 aquenum
336 2388 477 2452 adventu
503 2409 618 2473 magua
642 2408 715 2452 oum
739 2391 924 2453 auctoritate
952 2395 983 2452 et
1005 2408 1124 2471 magna
1148 2388 1249 2474 [oum]

147 2494 341 2559 abominum
365 2495 570 2559 multitudine
586 2495 706 2558 bellum
722 2517 832 2579 gerere
850 2501 1013 2559 conantur.
1053 2496 1154 2559 duces
1170 2515 1249 2560 vero
1264 2515 1285 2557 10

174 2603 198 2664 ii
222 2599 419 2684 deliguntur,
443 2603 500 2684 qui
522 2621 587 2665 una
610 2621 683 2665 cum
708 2602 743 2679 Q.
768 2602 906 2667 Sertorio
931 2620 1041 2665 omnes
1057 2621 1160 2666 annos
1179 2604 1250 2667 fue-

175 2714 247 2771 rant
270 2728 492 2791 summamque
516 2711 679 2773 seientiam
705 2712 750 2772 rei
773 2710 919 2773 militaris
943 2709 1059 2772 habere
1083 2710 1250 2774 existima·

147 2839 161 2880 e
175 2816 299 2878 bantur.
338 2817 372 2879 hi
388 2818 619 2880 consuetudine
634 2818 743 2901 populi
767 2818 904 2880 Romani
920 2818 991 2880 loca
1006 2834 1126 2899 capere,
1143 2823 1251 2882 castra

148 2946 160 2989 a
175 2924 316 3006 munire,
336 2924 565 2988 commeatibus
579 2930 705 2988 nostros
718 2924 931 2988 intercludere
946 2925 1125 2986 instituunt.
1161 2924 1250 3005 quod

176 3029 231 3092 irbi
256 3029 387 3094 Crassus
411 3032 635 3095 animadvertit
658 3051 732 3094 suas
755 3033 861 3113 copias
884 3035 1012 3113 propter
1035 3030 1249 3112 exiguitatem
1264 3050 1287 3091 rs

174 3157 239 3200 non
267 3138 359 3201 facile
388 3138 511 3220 diduci,
536 3140 661 3202 <hostem
689 3144 720 3202 et
747 3139 856 3221 vagari
885 3142 916 3200 et
944 3138 1011 3199 vias
1040 3135 1189 3199 obsidere
1219 3143 1251 3202 et

175 3245 286 3307 castris
311 3246 386 3308 satis
414 3247 564 3327 praesidii
592 3245 788 3326 relinquere,
817 3244 856 3307 ob
885 3263 954 3307 eam
983 3262 1111 3306 causam
1139 3245 1250 3308 minus

176 3352 341 3414 commode
368 3352 564 3415 frumentum
594 3358 869 3432 commeatumque
898 3351 959 3414 sibi
991 3351 1185 3433 supportari,
1214 3353 1249 3415 in

176 3458 243 3521 dies
271 3459 411 3521 hostium
439 3477 609 3522 numerum
638 3460 763 3542 augeri,
796 3478 861 3520 non
890 3457 1105 3521 cunctandum
1137 3460 1250 3523 existi-

265 3691 331 3742 tut
350 3706 398 3755 aa,
417 3688 491 3753 utid
528 3685 535 3757 ll
572 3686 605 3740 iis
623 3686 724 3755 Nipp.;
743 3686 784 3738 his
803 3686 833 3739 X
868 3685 875 3757 ll
913 3687 1011 3755 bquid
1029 3685 1072 3738 his
1091 3685 1160 3754 A¹d3
1184 3689 1249 3758 quid

175 3778 208 3831 iis
228 3797 245 3828 a
283 3776 291 3848 lt
329 3776 664 3843 10m01'temu3m0ria
701 3774 709 3847 tl
745 3776 962 3842 adeatuannusd
998 3775 1006 3845 ll
1044 3776 1075 3827 11
1090 3777 1250 3831 munitionis

176 3885 206 3934 a,
225 3866 370 3936 eruptionis
388 3873 405 3933 β
441 3864 449 3936 tl
488 3867 521 3917 14
540 3882 555 3918 a
573 3865 649 3932 M²fl3
668 3866 701 3918 ab
722 3885 738 3916 a

242 3957 310 4013 123.
331 3958 354 4008 l.
375 3956 391 4008 2
409 3954 544 4008 uocatium
566 3954 608 4022 s²3
631 3955 780 4008 uocatirum
799 3974 845 4025 ιιρς
870 3956 973 4008 uotium
991 3973 1013 4005 π
1054 3951 1062 4024 ll
1104 3955 1252 4026 bquoque

176 4062 270 4100 uersus
287 4052 317 4112 β;
337 4061 441 4114 quoque
461 4061 568 4098 uersum
589 4064 606 4095 a
644 4042 652 4115 ll
689 4045 785 4098 boum
804 4045 853 4097 del.
868 4044 931 4097 HM
963 4043 971 4116 ll
1009 4045 1040 4096 11
1061 4042 1120 4111 11χ;
1139 4042 1225 4116 Ῑιίφβ
1243 4046 1252 4119 ll

177 4137 209 4188 13
229 4135 329 4202 hila
349 4135 386 4187 hii
406 4133 646 4202 SQB²3iiB(M)
684 4131 692 4204 ll
729 4136 763 4186 14
776 4133 938 4188 insistuntrr
975 4132 982 4204 ll
1021 4133 1054 4187 16
1068 4131 1160 4186 diduci
1173 4133 1251 4204 Ber.;

175 4224 269 4278 deduci
288 4224 318 4277 X
