2806 4778
490 1045 822 1128 PRAEFATIO.

183 1328 272 1428 Quae
286 1370 360 1428 ratio
375 1369 453 1428 inter
468 1369 688 1429 vetustissimos
703 1370 780 1429 Belli
793 1370 900 1431 Gallici
917 1371 1084 1430 Caesariani
1099 1371 1214 1432 codices

93 1459 253 1518 intercedat
280 1457 421 1518 facillime
448 1476 488 1517 ex
511 1459 567 1517 hoc
590 1459 669 1535 quod
692 1459 803 1519 subieci
832 1465 987 1520 stemmate
1014 1461 1214 1536 cognoscitur:
1253 1500 1255 1504 -

632 1579 673 1643 X

451 1666 861 1702 μ--Ν--η

381 1726 567 1824 ss

772 1708 906 1825 Δί,

390 1850 409 1905 x
527 1837 559 1909 d·
781 1847 811 1912 ⁷?
866 1851 887 1906 c

353 1913 466 2027 isb-
483 1913 593 2031 aad
763 1912 825 2034 ii*
843 1913 905 2015 ‘ii

183 2079 250 2138 Duo
273 2078 483 2155 distinguenda
505 2098 572 2140 esse
587 2079 728 2138 librorum
745 2096 835 2137 manu
851 2079 1027 2156 scriptorum
1043 2098 1151 2155 genera
1174 2114 1216 2123 -

94 2186 272 2245 quamquam
299 2187 338 2227 ex
365 2169 515 2228 communi
541 2169 623 2228 sonte
646 2186 748 2227 omnes
772 2168 853 2227 ducti
878 2174 948 2228 suut
975 2203 1017 2211 -
1046 2174 1159 2228 certum
1187 2175 1217 2229 et

94 2257 283 2337 exploratum
307 2262 366 2332 est,
390 2277 445 2318 nec
468 2259 568 2317 miuus
591 2263 704 2317 certum
733 2263 780 2316 est
802 2257 840 2316 ad
862 2263 979 2316 textum
1003 2277 1092 2334 quem
1115 2259 1217 2317 dicmit

93 2347 331 2405 constituendum
355 2353 460 2407 neutro
482 2349 587 2406 horum
611 2346 746 2406 codicum
768 2364 877 2422 genere
903 2365 957 2406 nos
986 2364 1073 2423 posse
1102 2365 1214 2424 carere;

93 2435 186 2493 nihilo
210 2436 309 2494 miuus
332 2437 415 2495 nulla
437 2437 535 2495 adhuc
554 2440 638 2495 extat
657 2435 747 2494 editio
769 2453 810 2494 ex
824 2454 883 2512 qua
903 2437 974 2494 satis
990 2442 1125 2495 accurate
1140 2437 1212 2513 quid

93 2523 220 2598 singulis
251 2525 325 2583 locis
357 2525 389 2583 in
420 2530 546 2602 utroque
578 2524 712 2584 codicum
739 2543 848 2600 genere
876 2525 1020 2601 scriptum
1052 2525 1091 2584 sit
1119 2525 1214 2601 possit

93 2613 238 2687 cognosci.
284 2613 416 2672 Alterius
440 2615 559 2690 quidem
583 2613 700 2689 generis
724 2613 780 2690 (a),
804 2614 883 2690 quod
905 2613 1066 2690 Nipperdei
1089 2614 1214 2672 auctori-

93 2706 153 2760 tate
176 2701 302 2777 permoti
326 2702 446 2777 plurimi
471 2703 616 2779 optimum
643 2702 692 2760 vel
720 2703 869 2776 integrum
896 2708 925 2761 et
953 2703 1158 2760 iudicaverunt
1186 2709 1216 2761 et

94 2789 246 2862 dixerunt,
270 2789 339 2847 libri
362 2791 560 2849 vetustissimi
584 2791 656 2849 satis
680 2809 786 2865 magna
810 2809 881 2848 cura
903 2796 933 2849 et
948 2790 1101 2865 diligentia
1117 2791 1217 2849 collati

94 2883 178 2954 sunt3
203 2878 329 2936 alterum
352 2878 409 2956 (β),
433 2880 481 2938 cui
504 2878 739 2954 interpolationis
763 2884 863 2937 notam
880 2879 990 2938 inussit
1008 2879 1216 2956 Nipperdeius‚

94 2971 296 3042 contemptum
319 2986 354 3026 ac
377 2985 471 3044 paene
493 2967 663 3043 neglectum
677 2967 776 3026 iacuit.
823 2969 867 3027 Ac
883 2968 1081 3027 Schneiderus
1097 2968 1216 3045 quidem

94 3062 124 3115 et
139 3056 204 3132 ipse
213 3056 414 3133 Nipperdeius
431 3057 558 3133 optimos
569 3057 659 3115 huius
671 3057 789 3131 generis
804 3056 921 3116 codices
936 3056 1067 3116 nondum
1083 3057 1216 3132 cognitos

94 3145 274 3222 habuerunt;
298 3145 458 3220 Frigellius
482 3146 596 3222 primus
619 3145 691 3204 satis
707 3144 864 3219 diligenter
887 3151 916 3204 et
932 3145 1107 3204 Thuaneum
1122 3145 1162 3224 (a)
1186 3151 1217 3205 et

93 3234 285 3292 Ursinianum
309 3235 440 3294 codicem
464 3235 506 3311 (b)
529 3233 723 3311 comparavit,
746 3252 849 3292 verum
872 3239 971 3294 tamen
993 3253 1053 3293 non
1076 3252 1142 3293 raro
1165 3240 1217 3293 aut

95 3322 227 3381 Thuanei
255 3328 307 3381 aut
334 3323 485 3382 Ursiniaui
513 3324 672 3383 lectionem
700 3324 912 3400 praetermisit3
941 3323 1099 3383 Diibnerus
1123 3323 1216 3382 multo

94 3411 301 3486 neglegentius
325 3413 444 3472 eosdem
459 3413 595 3472 adhibuit
609 3413 713 3486 libros;
737 3418 825 3488 atque
840 3413 929 3471 etiam
944 3412 1092 3472 Holderus
1111 3402 1217 3487 parum

94 3500 252 3576 religiosus
274 3500 333 3559 fuit
360 3502 392 3559 in
415 3501 505 3560 huius
527 3502 645 3576 generis
668 3501 819 3560 codicibus
842 3501 1036 3560 conferendis.
1082 3500 1150 3560 Nou
1173 3507 1216 3560 te-

94 3607 173 3648 mere
195 3588 269 3646 haec
291 3607 309 3646 a
331 3607 378 3648 me
401 3590 480 3650 dicta
502 3608 568 3649 esse
597 3595 754 3664 cognoscet
781 3589 833 3665 qui
860 3589 910 3648 vol
936 3589 1077 3665 exiguam
1102 3595 1216 3667 partem

94 3677 184 3736 huius
208 3677 346 3736 editionis
369 3696 438 3737 cum
453 3679 599 3754 Frigellii,
624 3678 769 3752 Dilbneri‚
792 3677 917 3737 Holderi
937 3678 1115 3738 editionibus
1138 3697 1216 3737 corn-

94 3767 248 3842 paraverit.
294 3766 433 3843 Exempli
456 3786 545 3826 causa
568 3785 764 3827 commemoro
787 3767 817 3825 in
841 3769 982 3826 extremis
1008 3770 1048 3828 18
1070 3768 1216 3843 capitibus

94 3855 183 3932 primi
205 3855 274 3913 libri
297 3855 440 3916 lectiones
463 3875 538 3933 quae
560 3856 591 3915 in
607 3857 745 3916 omnibus
767 3856 857 3916 huius
873 3857 990 3932 generis
1006 3856 1048 3933 (β)
1065 3856 1216 3916 codicibus

95 3949 199 4002 extant
214 3943 339 4003 omissas
354 3962 420 4003 esse
435 3964 453 4003 a
467 3945 606 4022 Frigellio
625 3948 674 4019 14,
695 3964 713 4004 a
731 3945 870 4005 Diibuero
887 3949 937 4018 66,
961 3947 997 4004 ab
1013 3946 1142 4004 Holdero
1158 3946 1215 4021 463

94 4037 245 4109 praeterea
268 4033 395 4108 singulis
418 4034 567 4094 codicibus
584 4035 723 4094 tribuitur
745 4035 825 4112 quod
840 4036 977 4095 omnibus
1000 4052 1155 4094 commune
1170 4039 1217 4093 eet

94 4122 272 4199 aFrigellio
296 4125 347 4197 43,
371 4142 389 4181 a
412 4122 549 4182 Ddbnero
571 4127 598 4198 7,
621 4126 657 4183 ab
675 4124 805 4184 Holdero
832 4126 871 4183 13
896 4124 977 4183 locis.
1024 4122 1216 4199 Quapropter,

436 4562 734 4677 adtendi
