2806 4778
254 347 296 408 94
654 360 759 414 BELLI
778 358 920 414 GALLICI

253 523 329 586 belli
353 524 512 586 inferendi
535 544 630 586 causa
659 525 691 585 in
716 523 917 586 Britanniam
946 522 1156 585 transiturum
1185 520 1352 588 confide-ro

254 631 339 693 bant.
385 631 493 711 itaque
510 650 621 693 rursus
637 631 857 693 coniuratione
872 629 956 693 facta
978 629 1132 712 paulatim
1156 647 1199 691 ox
1214 629 1320 691 castris

198 750 233 805 31
254 737 415 802 discedere
440 742 471 801 et
494 757 568 801 suos
592 737 673 799 clam
698 756 739 799 ex
763 737 849 819 agris
874 736 1032 799 deducere
1056 740 1240 818 coeperunt.
1280 737 1342 802 Ati

254 845 382 927 Caesar,
406 846 465 908 etsi
488 843 632 907 nondum
656 861 765 906 eorum
791 843 924 906 consilia
940 847 1146 925 cognoverat,
1170 847 1277 906 tamen
1292 850 1323 905 et

253 959 433 1016 crevento
458 952 744 1014 nariumsuarunr
773 955 804 1013 et
832 968 949 1031 exeo,
978 947 1064 1030 quod
1093 948 1221 1012 obsides
1249 949 1321 1012 dare

226 1060 503 1139 2intermiserant,
526 1059 592 1120 fore
616 1058 662 1140 id,
688 1057 773 1140 quod
790 1057 917 1139 accidit,
942 1056 1173 1139 suspicabatur.
1217 1057 1320 1138 itaque

253 1167 293 1229 ad
317 1185 427 1229 omnes
451 1185 543 1229 casus
566 1164 709 1227 subsidia
732 1164 941 1247 comparabat.
981 1183 1056 1226 nam
1080 1169 1112 1227 et
1126 1163 1345 1228 frumentuma

253 1292 294 1336 ex
318 1274 403 1356 agris
427 1274 542 1336 cotidie
570 1272 604 1334 in
629 1276 732 1335 castra
755 1270 938 1334 conferebat
966 1276 997 1334 et
1025 1289 1108 1352 qnae
1135 1271 1321 1354 gravissime

253 1380 396 1443 adllictae
420 1384 511 1443 erant
534 1398 645 1461 nanee,
670 1397 780 1441 earnm
803 1379 936 1441 materia
960 1382 1056 1459 atque
1084 1396 1157 1441 aere
1186 1377 1229 1440 ad
1251 1379 1322 1441 reli·

254 1507 333 1568 (luas
356 1486 545 1549 reficiendas
569 1485 718 1549 utebatur
745 1491 777 1547 et
800 1504 882 1566 quae
908 1485 948 1547 ad
973 1503 1026 1548 eas
1053 1503 1103 1548 res
1132 1490 1225 1548 erant
1250 1486 1321 1548 usui

225 1614 295 1664 aex
328 1595 505 1657 continenti
537 1593 714 1676 comparari
746 1591 883 1656 iubebat.
934 1592 1056 1673 itaque,
1089 1611 1165 1655 cum
1197 1611 1320 1655 summo

253 1701 358 1764 studio
391 1721 410 1763 a
437 1700 592 1764 militibus
621 1701 910 1777 administraretur,
937 1699 1005 1762 XII
1032 1697 1171 1763 naribus
1199 1698 1357 1761 amissisro

197 1827 233 1883 32
252 1809 385 1891 reliquis
409 1813 445 1871 ul
468 1808 612 1891 navigari
639 1806 745 1891 <satis>
773 1808 938 1870 commode
962 1811 1069 1890 posset
1087 1806 1198 1870 effecit
1237 1804 1343 1869 Dum1

253 1935 289 1978 ea
317 1919 485 1997 geruntur,
513 1915 638 1998 legione
668 1934 708 1977 ex
737 1914 968 1977 consuetudine
1001 1932 1066 1975 una
1091 1913 1320 1977 frumentatum

252 2024 360 2105 missa,
385 2041 467 2104 quae
491 2022 709 2104 appellabatur
731 2020 813 2103 VH,
838 2040 945 2102 neque
973 2019 1040 2082 ulla
1067 2019 1107 2082 ad
1134 2020 1169 2083 id
1197 2024 1321 2104 tempus

252 2130 330 2193 belli
353 2131 533 2212 suspicione
557 2130 754 2211 interposita,
778 2148 853 2191 cum
874 2139 949 2210 'pars
978 2127 1145 2190 hominum
1174 2128 1208 2189 in
1238 2128 1320 2210 agris

252 2241 441 2318 remaneret,
474 2256 546 2320 pars
575 2237 670 2299 etiam
698 2237 732 2298 in
760 2240 862 2298 castre
889 2236 1071 2317 ventitaret,
1103 2233 1142 2318 ii,
1176 2235 1234 2317 qui
1266 2254 1346 2317 pros

252 2344 350 2428 portis
379 2348 555 2407 castrorum
582 2345 617 2405 in
645 2344 779 2406 statione
809 2347 910 2423 erant,
939 2341 1064 2404 Caesari
1091 2341 1322 2405 nuntiaverunt

251 2450 416 2534 pulverem
440 2451 606 2532 maiorem,
631 2470 726 2532 qnam
751 2450 951 2512 consuetudo
975 2449 1082 2531 ferret,
1110 2450 1145 2511 in
1170 2467 1208 2512 ea
1234 2453 1322 2531 parte

225 2558 366 2640 evideri,
392 2579 488 2640 quam
510 2558 545 2620 in
568 2562 689 2640 partem
712 2557 794 2638 legio
820 2558 882 2620 iter
903 2556 1037 2620 fecisset.
1085 2554 1201 2619 Caesar
1223 2592 1266 2601 —
1289 2553 1321 2616 id

253 2666 338 2749 quod
367 2670 499 2735 erat-
529 2666 708 2746 suspicatus
736 2664 856 2746 aliquid
884 2665 961 2727 novi
989 2683 1008 2725 a
1034 2663 1179 2726 barbaris
1206 2664 1321 2726 initum

252 2773 391 2853 consilii,
411 2774 568 2854 cohortes,
589 2789 670 2853 quae
689 2772 723 2832 in
738 2771 928 2834 stationibus
948 2775 1049 2853 erant,
1069 2788 1179 2833 secum
1198 2771 1233 2832 in
1253 2789 1321 2833 eam
1335 2787 1360 2829 ro

251 2885 373 2963 partem
397 2879 567 2962 proficisci,
592 2898 633 2942 ex
656 2879 788 2961 reliquis
805 2877 883 2940 duas
898 2879 933 2939 in
950 2878 1118 2940 stationem
1142 2879 1321 2964 succedere,

223 2988 390 3070 areliquas
420 2988 535 3048 armari
565 2991 596 3049 et
623 2987 790 3049 confestim
815 3003 885 3048 sese
913 2984 1067 3067 subsequi
1094 2986 1197 3048 iussit
1249 3005 1321 3049 cum

251 3096 346 3178 paulo
363 3095 491 3176 longius
508 3113 526 3155 a
542 3094 653 3155 castris
669 3093 886 3176 processisset,
909 3111 984 3155 suos
1001 3090 1040 3154 ab
1056 3091 1204 3155 hostibns
1219 3093 1321 3176 premi

252 3208 346 3283 atque
371 3220 463 3284 aegre
486 3202 643 3264 sustinere
667 3206 698 3264 et
721 3199 862 3262 conferta
877 3199 1004 3282 legione
1028 3218 1069 3261 ex
1086 3199 1236 3262 omnibus
1252 3220 1321 3283 par-

223 3308 337 3372 atibus
361 3309 424 3371 tela
447 3308 529 3371 coici
553 3307 783 3370 animadvertit.
821 3326 897 3368 nam
921 3306 1008 3388 quod
1027 3306 1114 3368 omni
1129 3325 1171 3370 ex
1186 3307 1320 3390 reliquis
1333 3321 1360 3363 15

251 3415 394 3496 partibus
419 3415 562 3477 demesso
586 3415 745 3478 frumento
769 3434 842 3496 pars
866 3434 930 3476 una
958 3419 1025 3477 erat
1052 3413 1190 3495 reliqua,
1218 3415 1320 3497 suspi-

251 3522 314 3582 cati
337 3521 443 3584 hostes
466 3521 528 3583 huc
552 3527 678 3584 nostros
702 3540 770 3584 esse
794 3527 947 3584 venturos
962 3524 1061 3583 noctu
1079 3521 1112 3582 in
1137 3520 1227 3583 silvis
1244 3519 1320 3583 deli-

341 3751 374 3803 12
394 3750 724 3818 etp3auta3aced.1
1239 3772 1250 3782 ··

338 3841 384 3895 31.
404 3841 419 3892 7
440 3842 516 3893 erant
534 3841 677 3904 afflictaofl
709 3839 717 3906 ll
750 3840 824 3905 {lep
855 3840 863 3908 il
896 3839 1042 3907 comparari
1060 3845 1090 3906 β;
1109 3838 1258 3908 conportari
1275 3857 1292 3889 a
1310 3834 1320 3907 ll

251 3933 282 3983 11
303 3930 428 3998 nauigare
446 3935 463 3995 β
495 3929 503 3996 ll
535 3929 599 3982 salis
618 3929 680 3981 odd.
699 3928 809 3981 asina.

338 4019 384 4074 32.
405 4020 420 4072 5
440 4018 502 4084 hip
534 4019 542 4088 ll
574 4017 823 4071 drenuntiauerunt
835 4024 852 4084 β
884 4016 892 4085 ll
925 4018 1054 4071 dnouum
1066 4024 1083 4084 β
1114 4018 1123 4086 ll
1157 4016 1319 4071 metatione

251 4109 274 4161 S
302 4108 311 4174 ll
344 4110 375 4160 11
398 4108 465 4160 duas
484 4123 518 4160 ex
537 4106 682 4175 reliquisp
713 4109 721 4176 ll
754 4107 897 4160 succedere
915 4113 944 4174 βς
969 4106 1092 4161 cohortes
1111 4107 1256 4160 succedere
1275 4124 1292 4156 a
1310 4103 1320 4175 ll

250 4198 284 4250 12
302 4213 331 4251 se
349 4204 378 4266 β;
398 4196 494 4251 onaS
528 4198 537 4266 ll
574 4197 606 4251 15
626 4196 745 4250 animum
763 4195 916 4263 aduenitp
947 4196 956 4263 ll
994 4196 1027 4250 16
1050 4211 1111 4264 pars
1135 4211 1189 4249 nna
1211 4212 1243 4262 α;
1266 4209 1320 4247 nno.

248 4303 309 4355 pals
327 4294 345 4354 β
