2806 4778
538 306 701 350 enarrarre
793 279 797 306 ²
1148 315 1183 358 Ιχ

60 473 212 549 complura
235 492 294 534 non
317 474 419 532 videre
447 491 570 532 necesse
598 474 650 546 sit,
678 473 711 532 in
737 462 841 550 primis
870 475 895 532 si
923 473 954 532 id
981 475 1060 551 quod
1087 475 1183 550 prima

60 580 151 620 manu
175 563 318 639 scriptum
341 567 405 621 erat
427 579 544 621 erasum
567 567 598 621 et
620 562 750 622 secunda
772 581 863 621 manu
886 567 1033 622 mutatum
1056 570 1109 622 est.

150 651 194 710 Ea
212 657 310 710 autem
330 651 429 709 omnia
450 669 525 727 quae
547 651 580 709 in
602 652 657 710 hac
680 651 809 710 editione
833 641 984 710 voluntate
1007 651 1092 710 omIsi
1116 670 1182 729 pro·

59 739 138 799 ferre
165 742 262 815 cogIto
289 741 321 797 in
344 740 472 798 editione
494 741 615 815 maiore,
644 759 702 817 qua
724 745 820 798 tobim
842 758 949 817 corpus
973 740 1182 800 Caesarianum

60 829 255 905 complectar,
279 847 368 905 quam
391 829 494 904 paucis
516 834 584 905 post
605 829 691 888 annis
714 830 745 886 In
765 829 863 888 lucem
881 829 1063 904 prodituram
1082 848 1180 906 sper03

60 917 177 977 codices
193 918 311 993 quidem
328 917 465 977 meliores
480 918 550 977 belli
566 918 675 991 ciuilis,
692 918 898 991 Alexandrini,
914 917 1058 990 Africani,
1074 918 1181 994 Hispa-

59 1005 174 1065 niensis
192 1007 255 1065 fere
273 1024 375 1065 omnes
392 1006 452 1064 iam
470 1025 550 1065 nunc
567 1008 633 1083 ipse
651 1007 770 1066 contuli.
802 1007 839 1065 In
858 1007 967 1065 maiore
984 1006 1036 1064 illa
1054 998 1182 1066 editione

59 1095 148 1153 etiam
173 1100 306 1154 accurate
326 1095 463 1154 indicabo
490 1114 565 1172 quae
589 1095 629 1155 sit
652 1095 837 1170 siugulorum
855 1095 1131 1154 commentariorum
1149 1096 1181 1154 In

61 1182 190 1258 singulis
208 1184 358 1243 codicibus
378 1185 568 1261 subscripti03
592 1185 727 1244 hocloco
742 1184 814 1243 satis
827 1185 920 1243 habeo
934 1185 1063 1243 breviter
1077 1185 1182 1244 docere

59 1271 91 1329 in
114 1273 265 1332 codicibus
288 1273 391 1332 classis
410 1293 432 1332 a
450 1274 626 1350 plerumque
645 1273 771 1349 singulis
789 1273 873 1332 libris
891 1273 963 1332 belli
982 1273 1090 1354 (ia—Ilici
1108 1274 1181 1333 haec

59 1360 200 1421 fereesse
214 1362 326 1421 addita:
348 1362 485 1422 IVLIVS
506 1362 654 1422 CELSVS
675 1361 978 1422 CONSTANTINVS
1000 1363 1049 1421 VC
1074 1361 1179 1422 LEGI.

59 1449 178 1508 BELLI
206 1450 369 1510 GALLICI
395 1451 516 1510 LIBER
540 1452 556 1510 Ι
579 1451 856 1530 (11.111...V11)
879 1450 1075 1510 EXPLiClT.
1123 1450 1180 1509 IN-

59 1537 164 1597 CIPIT
182 1540 302 1598 LIBER
317 1540 349 1598 H
368 1540 447 1617 (III.
466 1588 471 1600 .
489 1584 495 1598 .
514 1539 596 1616 VII);
620 1541 651 1598 in
675 1540 825 1599 codicibus
849 1540 952 1599 classis
970 1539 993 1617 β
1013 1541 1086 1598 haec
1103 1540 1178 1598 fere:

59 1626 141 1706 (sal
157 1628 259 1687 IVLII
278 1628 466 1706 CAESARIS)
486 1629 605 1688 BELLI
625 1628 788 1688 GALLICI
802 1629 939 1688 LIBER.
951 1676 957 1688 .
969 1676 974 1687 .
986 1628 1179 1690 EXPLICIT.

58 1716 208 1775 INCIPIT
232 1718 419 1776 LIBER...
453 1718 511 1776 Sed
534 1725 667 1777 extremo
689 1718 763 1776 libro
779 1717 873 1797 IQn
897 1737 917 1775 α
939 1717 1116 1792 subscriptio
1135 1723 1181 1776 est

57 1806 143 1862 haec:
167 1805 305 1864 IVLIVS
324 1805 472 1864 CELSVS
492 1804 794 1864 CONSTANTINVS
809 1806 860 1862 VC
875 1805 977 1863 LEGI.
1009 1805 1179 1864 FLAVIVS

57 1892 244 1952 LICERIVS
258 1893 399 1951 FIRMIN
403 1893 450 1952 VS
465 1893 681 1952 LVPICINVS
696 1892 797 1952 LECI.
821 1892 941 1951 BELLI
951 1892 1113 1951 GALLICI
1126 1893 1179 1950 Ll-

57 1982 137 2041 BER
156 1981 195 2041 Π.
223 1981 418 2041 EXPLICIT.
446 1981 598 2041 INCIPIT
625 1981 745 2040 LIBER
769 1981 824 2040 ΠΙ.
857 1981 1073 2040 FELICITER.
1121 1982 1179 2040 Ex-

56 2076 151 2129 tremo
163 2071 237 2129 libro
248 2070 308 2128 VII
319 2071 350 2128 iu
362 2071 445 2130 codd.
456 2090 473 2150 ρ
486 2071 600 2130 adiecta
612 2078 682 2130 sunt
693 2071 779 2129 haec:
804 2069 874 2129 GAI
885 2069 989 2128 IVLII
1002 2069 1179 2130 CAESARIS

56 2159 177 2218 BELLI
196 2160 360 2220 CALLICI
373 2160 493 2218 LIBER
506 2159 789 2241 .VH.—EXPLICIT
802 2158 1018 2219 FELICITER.
1042 2158 1179 2218 IVLIVS

58 2248 207 2308 CELSVS
236 2248 537 2309 CONSTANTINVS
565 2249 636 2309 V.C.
663 2248 819 2308 RELECI.
868 2248 998 2306 HIRTII
1023 2247 1179 2307 PANSAE

56 2337 177 2396 LIBER
200 2338 319 2397 BELLI
342 2338 505 2398 CALLICI
529 2338 620 2397 ,VIII
643 2337 793 2397 INCIPIT
814 2337 1031 2396 FELICITER.
1069 2335 1178 2396 Octavo

56 2426 131 2485 libro
154 2428 331 2486 addiderunt
353 2427 465 2486 librarii
489 2428 624 2486 codicum
646 2427 717 2502 bl(a)
732 2427 815 2485 -haec
833 2428 908 2485 fere:
933 2426 1062 2485 HIRCII
1084 2425 1178 2484 PAN-

57 2514 132 2574 SAE
156 2517 296 2575 RERVM
319 2516 535 2575 GESTARVM
559 2516 590 2574 B.
612 2516 645 2576 G.
668 2515 699 2574 C.
723 2515 826 2574 IVLII
849 2515 1041 2574 CAESARIS
1064 2514 1177 2575 PONT.

56 2603 152 2662 MAX.
177 2605 298 2663 LIBER
317 2605 408 2664 ,VIII
427 2604 614 2664 EXPLICIT
632 2605 677 2678 E,
701 2605 808 2681 quibus
826 2604 925 2663 verbis
943 2604 975 2661 in
993 2623 1062 2663 uno
1081 2604 1179 2685 cod—b

56 2693 190 2751 subiecta
222 2699 292 2751 sunt
319 2694 405 2753 haec:
433 2693 570 2753 IVLIVS
599 2693 747 2753 CELSVS
777 2692 1027 2752 CONSTANTIN
1031 2692 1078 2752 VS
1107 2693 1178 2752 .VC.

55 2780 204 2840 RELECI
228 2781 401 2839 TANTVM.

146 2870 182 2928 In
207 2870 306 2928 verbis
330 2870 463 2929 Caesaris
488 2870 715 2943 constituendis
743 2870 922 2946 ubicumque
944 2870 1002 2927 duo
1025 2869 1077 2927 illa
1100 2870 1178 2928 codi-

57 2978 125 3019 cum
158 2977 266 3035 genera
293 2959 371 3017 inter
403 2977 435 3017 se
467 2959 649 3034 discrepant,
681 2959 907 3033 diligentissime
938 2957 1081 3035 inquisivi
1113 2962 1178 3017 utra

54 3049 145 3107 lectio
174 3049 308 3107 Caesaris
340 3048 549 3107 consuetudini
581 3047 698 3106 dicendi
730 3047 926 3123 responderet.
978 3047 1044 3106 Non
1075 3047 1177 3123 paucis

56 3156 128 3196 sane
155 3138 228 3197 locis
255 3138 388 3197 nondum
410 3138 447 3195 ad
470 3137 619 3214 liquidum
641 3155 704 3195 rem
727 3137 810 3213 potui
833 3137 1006 3212 perducere:
1034 3135 1082 3195 his
1104 3137 1177 3197 locis

55 3227 153 3285 adhuc
180 3226 262 3285 tenui
290 3245 355 3284 eam
383 3245 472 3302 quam
496 3244 534 3284 ex
557 3226 639 3284 codd.
662 3245 682 3283 α
705 3225 828 3301 petitam
851 3224 1028 3284 recentiores
1052 3226 1177 3285 editores

54 3322 231 3390 receperunt
254 3334 363 3375 omnes.
404 3315 495 3391 Spero
519 3320 617 3372 tamen
641 3314 746 3372 borum
770 3332 887 3390 quoque
909 3314 1041 3373 locorum
1063 3320 1178 3389 partem

55 3404 141 3463 novIs
170 3405 426 3480 disquisitionibus
455 3422 542 3480 posse
569 3402 716 3480 expediri3
745 3421 813 3460 nam
841 3402 914 3480 quin
936 3408 966 3461 et
988 3402 1177 3477 grammatica

56 3493 231 3552 Caesariana
267 3494 429 3568 composita
461 3496 565 3569 (quam
597 3510 690 3568 paene
721 3492 780 3549 iam
812 3494 976 3551 confectam
1008 3487 1115 3568 habeo)
1148 3496 1177 3549 et

55 3583 203 3641 erroribus
226 3581 382 3657 utriusque
405 3582 538 3641 codicum
562 3581 679 3656 generis
702 3582 867 3640 accuratius
886 3579 1049 3656 perspectis
1068 3579 1176 3638 certius
1235 3656 1239 3663 Ι

55 3671 214 3729 iudicaturi
239 3670 331 3728 almus
355 3671 392 3728 de
415 3671 517 3729 multis
540 3669 613 3729 locis
636 3671 689 3728 vir
712 3676 759 3728 est
777 3670 907 3727 dubium.
945 3667 1060 3742 Quibus
1078 3674 1177 3727 autem

55 3760 219 3818 rationibus
252 3764 415 3817 commotus
447 3759 533 3818 modo
564 3760 640 3818 hanc
668 3759 753 3817 modo
780 3759 863 3816 illam
889 3758 1024 3816 codicum
1051 3758 1177 3816 classem

56 3853 177 3907 secutus
206 3848 261 3906 sim
289 3853 341 3904 aut
367 3865 384 3904 a
411 3848 561 3907 codicibus
589 3848 775 3907 diScesserim
803 3864 946 3923 exponam
974 3846 1006 3904 in
1029 3864 1176 3904 commen-

55 3937 139 3995 tariis
167 3937 351 3995 scholasticis
374 3936 616 3996 Berolinensibus
643 3937 733 3994 huius
760 3935 829 3994 anni
855 3935 1101 4013 (labresberichte
1124 3935 1176 3993 des

54 4026 158 4102 philol.
182 4025 308 4083 Vereins
335 4023 438 4099 1894).

147 4115 305 4191 Reliquum
324 4118 382 4186 est,
406 4119 439 4171 ut
457 4114 567 4188 gratias
585 4133 671 4189 agam
689 4113 837 4186 omnibus,
861 4112 912 4189 qui
930 4112 962 4170 in
978 4113 1033 4171 bac
1048 4112 1176 4170 editione

55 4204 224 4280 apparanda
260 4221 307 4261 me
344 4203 534 4261 adiuverunt:
571 4203 696 4262 Detlefio
729 4201 894 4274 Detlefsen,
932 4200 1058 4275 Georgio
1090 4201 1175 4274 Karo,
