2806 4778
245 328 265 381 ll
637 334 743 388 BELLI
761 336 905 390 oaLIJCI

244 517 316 561 rum
341 498 521 581 legionibus
552 497 654 561 tribus
680 517 698 560 e
722 500 833 561 eastris
855 500 1015 582 profectus
1038 500 1077 561 ad
1101 520 1169 562 eam
1194 508 1318 581 partem

216 606 405 688 aperrenit.
430 625 512 687 quae
535 606 679 667 nondum
702 604 825 668 flumen
848 608 1023 669 transierat.
1068 626 1122 669 eos
1145 606 1319 688 impeditos

244 724 276 775 et
299 714 502 795 inopinantes
525 713 694 794 adgressus
717 732 865 794 magnam
889 725 1010 795 partem
1034 732 1144 775 eornm
1161 714 1316 789 etrneidit3
1334 739 1363 779 ro

246 820 361 900 reliqui
393 838 463 882 sese
494 819 589 901 fugae
621 819 815 882 mandarunt
843 832 938 900 atque
967 821 1000 882 in
1028 822 1190 903 proximas¹
1218 820 1318 883 silvas

216 925 443 989 aabtlitlerunt.
490 927 516 988 is
540 945 640 1008 pagus
663 926 882 1009 appellabatur
903 926 1089 1007 ligurinus:
1113 947 1188 988 nam
1211 930 1318 990 omnis

217 1034 357 1098 aciritas
380 1032 529 1095 Helvetia
558 1034 589 1094 in
619 1042 769 1113 quattuor
791 1053 889 1116 pagos
913 1033 1015 1095 divisa
1039 1046 1093 1096 est.
1140 1034 1191 1096 lrie
1214 1054 1317 1117 pagus

245 1159 343 1219 unus,
371 1160 445 1202 eum
469 1139 564 1201 tlomo
587 1141 718 1217 exisset,
746 1150 873 1223 patrum
896 1152 1077 1202 nostrorum
1105 1142 1257 1202 memoria
1281 1141 1316 1204 L.

246 1246 389 1309 Cassium
427 1247 590 1309 semelem
629 1248 828 1310 interfecerat
865 1257 896 1310 et
932 1249 1002 1310 eius
1040 1249 1216 1310 exereitum
1254 1248 1315 1310 sub
1333 1273 1361 1313 15

218 1355 358 1435 siugum
386 1355 523 1416 miserat.
570 1355 613 1416 ita
641 1355 708 1416 sive
737 1374 812 1416 rasu
842 1356 909 1416 sire
938 1355 1071 1416 erinsilio
1100 1355 1231 1416 (leonum
1256 1356 1317 1416 im-

245 1461 427 1523 mortalium
452 1479 533 1540 quae
557 1479 630 1543 pars
654 1461 790 1522 civitatis
813 1460 979 1523 Helvetiae
1004 1462 1161 1543 insignem
1186 1461 1317 1524 calami-

245 1578 341 1630 tatem
369 1567 486 1650 populo
512 1568 655 1629 Romano
684 1567 848 1633 intulerat.
872 1587 908 1630 ea
932 1569 1080 1650 print-eps
1102 1588 1221 1650 poenas
1244 1587 1317 1650 per-

218 1674 348 1739 tsolvit.
396 1694 458 1755 qua
482 1676 515 1736 in
539 1694 574 1737 re
594 1674 710 1737 Caesar
733 1693 798 1735 non
821 1673 925 1735 solum
947 1674 1104 1757 publicas.
1133 1676 1189 1737 sed
1219 1677 1317 1738 etiam

244 1783 383 1865 privatas
410 1782 547 1843 iniurias
575 1782 661 1844 ultus
689 1788 749 1861 est,
778 1781 863 1862 quod
892 1782 961 1843 eius
989 1783 1090 1843 soceri
1117 1780 1150 1843 L.
1185 1782 1317 1845 Pisonis
1332 1806 1360 1848 20

245 1909 353 1969 avum,
376 1887 410 1951 L.
435 1889 584 1952 Pisonem
609 1889 761 1971 legatum,
784 1888 927 1969 Tigurini
951 1889 1063 1951 eedem
1086 1889 1220 1971 proelio,
1250 1908 1316 1970 quo

245 1994 405 2077 Cassium,
428 1996 660 2059 interfererant.

191 2116 227 2171 13
333 2102 405 2165 Hoo
423 2103 543 2185 proelio
562 2102 644 2165 facto
664 2101 803 2183 reliquas
823 2105 929 2185 eopias
943 2102 1166 2165 Helvetiorum
1185 2110 1220 2165 ut
1239 2123 1346 2169 eon-1

245 2211 337 2290 sequi
360 2216 478 2292 posset,
502 2214 629 2292 pontem
655 2209 690 2269 in
713 2210 807 2270 Arari
831 2208 1014 2271 faciendum
1038 2220 1127 2271 curat
1151 2219 1246 2290 atque
1270 2213 1317 2274 ita

218 2318 423 2379 rexereitnm
446 2316 590 2378 trallueit.
628 2315 766 2378 Helvetii
787 2317 952 2397 repentino
977 2317 1045 2378 eius
1069 2318 1208 2379 atlrentu
1229 2336 1316 2380 conr-

245 2424 322 2484 moti
351 2442 423 2484 oum
452 2423 497 2504 io,
531 2422 617 2502 quetl
644 2423 706 2504 ipsi
734 2422 845 2483 diebus
872 2422 940 2485 XX
968 2425 1141 2504 aegerrime
1170 2423 1316 2487 eonfere-

244 2536 329 2610 rant,
358 2535 395 2591 ut
416 2527 536 2591 flumen
560 2529 743 2609 transirent,
770 2529 862 2591 illum
886 2549 950 2591 nno
975 2531 1026 2592 <lie
1053 2530 1165 2593 fecisse
1190 2531 1346 2595 intelle-5

245 2640 369 2715 gerent,
399 2635 517 2718 legatos
544 2636 584 2725 agl
613 2655 688 2698 eum
716 2637 858 2713 mittunt3
888 2636 980 2698 euius
1008 2637 1175 2719 legationis
1199 2636 1314 2701 Divino

244 2743 392 2825 princeps
414 2742 488 2823 fuit,
513 2744 567 2824 qui
592 2742 675 2805 bello
700 2740 848 2805 Cassiano
871 2744 938 2806 dux
956 2743 1178 2807 Helvetiorum
1202 2734 1313 2807 suerat.

217 2850 272 2911 ais
296 2850 339 2912 ita
362 2869 435 2912 eum
456 2847 590 2912 Caesare
608 2850 687 2932 egit:
713 2851 740 2911 si
763 2869 873 2932 paoem
896 2852 1034 2933 populus
1052 2852 1215 2914 Romanus
1239 2870 1313 2913 eum

244 2955 401 3019 Helvetiis
423 2956 554 3037 faceret,
579 2958 613 3018 in
642 2976 712 3020 eam
734 2964 855 3040 partem
879 2960 979 3020 ituros
1002 2967 1097 3038 atque
1122 2960 1164 3021 ibi
1189 2960 1313 3020 futuros

244 3062 421 3144 Helvetios,
445 3063 499 3126 ubi
526 3084 579 3127 eos
604 3063 718 3127 Caesar
742 3068 958 3128 constituisset
981 3071 1076 3145 aitque
1101 3084 1169 3126 esse
1193 3065 1313 3127 11111118-
1330 3088 1359 3130 1ο

216 3175 306 3247 raet3
331 3172 380 3231 sin
403 3171 487 3233 bello
511 3173 660 3253 persequi
677 3181 908 3254 perseveraret,
932 3172 1189 3233 rerrriniseeretur
1209 3182 1239 3231 ot
1260 3192 1313 3234 te-

244 3277 320 3339 teris
343 3277 538 3339 incommodi
561 3278 670 3360 populi
695 3278 831 3339 Romani
855 3283 886 3339 et
908 3278 1060 3358 pristinae
1085 3278 1210 3338 virtutis
1234 3276 1313 3338 Hel-

216 3384 409 3445 avetiorum.
458 3385 541 3464 quoe
572 3385 742 3466 improviso
774 3367 875 3445 rmum
906 3402 1025 3465 pagum
1058 3384 1187 3445 adortus
1220 3392 1312 3465 esset,

245 3508 318 3551 eum
345 3491 381 3571 ii,
411 3490 466 3570 qui
494 3488 615 3553 flumen
639 3492 838 3570 transissent,
866 3491 932 3552 suis
961 3490 1118 3551 auxilium
1141 3490 1223 3553 ferre
1247 3511 1312 3554 nen

243 3602 384 3678 possent,
421 3615 462 3658 ne
497 3596 535 3659 ob
570 3616 639 3659 eam
670 3616 739 3660 rem
776 3603 831 3658 aut
863 3616 938 3659 suae
975 3617 1166 3680 magnopere
1199 3599 1312 3660 virtuti
1329 3622 1355 3663 15

335 3878 368 3932 10
391 3895 482 3931 eorum
506 3883 608 3947 partem
631 3898 653 3930 π
701 3878 709 3949 l
755 3882 786 3932 11
812 3897 841 3933 se
864 3900 884 3931 π
932 3880 940 3952 ll
984 3881 1012 3932 in
1033 3883 1162 3950 proximis
1186 3881 1260 3933 siluis
1284 3901 1311 3949 93

243 3967 271 4019 in
290 3967 372 4021 siluas
391 3968 525 4036 proximas
545 3988 564 4019 π
603 3966 611 4038 ll
649 3970 682 4021 13
701 3971 826 4036 quattuor
844 3973 933 4037 partes
951 3970 1090 4040 uelpagos
1110 3991 1131 4023 a
1168 3970 1175 4040 l
1213 3973 1254 4022 est
1273 3971 1312 4022 di-

243 4056 302 4109 uisa
320 4075 342 4108 π
379 4056 387 4127 ll
425 4057 465 4110 16.
487 4059 520 4109 17
539 4057 718 4110 inmortalium
737 4059 846 4111 deorum
866 4077 888 4109 π

332 4164 377 4219 13.
399 4164 500 4216 21111111
518 4181 547 4230 u3
566 4180 641 4217 aram
659 4164 690 4216 X
723 4163 731 4234 ll
768 4164 857 4233 Segit
876 4185 910 4232 ης
935 4166 995 4235 egit.
1028 4167 1120 4235 Legati
1138 4166 1170 4218 ab
1188 4165 1312 4218 heluetiis

243 4252 277 4305 ad
296 4268 430 4307 caesarem
449 4252 530 4306 missi.
559 4269 650 4321 paoem
670 4254 790 4321 petitum.
820 4271 881 4307 eum
900 4255 1096 4308 denuntiatione
1115 4256 1223 4307 terroris
1243 4274 1276 4322 αρ
