2806 4778
224 298 265 360 20
623 313 730 367 rann
749 313 890 368 0111101

222 496 275 540 ros
298 495 404 558 neque
427 482 644 557 recusaturos,
674 496 737 559 quo
764 478 873 540 minus
899 484 1051 559 perpetuo
1077 475 1136 539 sub
1161 476 1302 540 illorum

195 583 350 649 edicione
369 587 464 666 atque
483 584 618 666 imperio
638 588 751 647 essent.
784 603 885 647 unum
905 602 938 646 se
958 603 1027 648 esse
1047 602 1089 647 ex
1108 584 1301 648 0111110101-

222 696 285 753 tate
308 689 531 769 Haeduorum,
555 691 611 773 qui
634 690 751 753 adduci
774 710 842 753 non
857 691 1009 774 potuerit,
1034 696 1069 753 ut
1092 691 1214 754 iuraret
1240 699 1303 756 aut

196 796 339 878 eliberos
364 816 439 861 suos
467 797 595 861 obsides
623 798 719 860 daret,
767 796 807 859 cb
836 816 906 860 eam
934 816 1002 859 rem
1030 817 1064 861 se
1092 816 1134 860 ex
1163 797 1302 862 civitate

222 904 400 988 profugisse
425 909 456 967 et
473 903 609 968 Romam
632 905 672 967 ad
693 909 840 968 senatum
860 905 987 967 venisse
1006 904 1165 967 auxilium
1183 912 1302 987 postu·
1317 931 1349 974 ao

223 1012 335 1094 latum,
369 1012 456 1093 quod
484 1011 571 1074 solus
599 1030 703 1094 neque
731 1012 802 1074 iure
829 1011 964 1073 iurando
993 1029 1098 1093 neque
1126 1010 1303 1077 obsidibus

182 1142 210 1185 1ο
224 1123 393 1182 teneretur.
440 1118 496 1181 sed
524 1120 615 1201 peius
643 1118 818 1181 victoribus
842 1117 997 1200 Sequanis
1027 1137 1122 1199 quam
1147 1116 1303 1184 Haeduis

223 1225 316 1288 victis
340 1225 507 1306 accidisse,
530 1234 695 1309 propterea
715 1225 801 1306 quod
820 1226 1015 1306 Ariovistus,
1040 1243 1099 1286 rex
1119 1223 1302 1290 Germano·

223 1352 305 1414 rum,
330 1333 364 1394 in
388 1351 499 1395 eorum
517 1331 635 1394 finibus
655 1332 851 1396 consedisset
871 1333 1060 1414 tertiamque
1079 1336 1202 1414 partem
1227 1335 1304 1417 agri

223 1435 378 1520 Sequani,
403 1439 560 1520 quiesset
583 1441 722 1521 optimus
746 1440 843 1502 totius
861 1438 994 1519 Galliae⁷
1020 1439 1242 1520 occupavisset
1269 1448 1304 1504 et
1318 1464 1348 1506 sa

222 1565 311 1609 nunc
344 1546 383 1610 de
413 1546 511 1610 altera
539 1551 627 1629 parte
656 1547 749 1608 tertia
777 1545 942 1628 Sequanos
975 1545 1127 1608 decedere
1159 1544 1304 1630 iuberet,

222 1662 388 1737 propterea
412 1653 499 1734 quod
521 1655 632 1736 paucis
654 1652 819 1715 mensibus
843 1658 916 1715 ante
935 1652 1105 1715 Harudmn
1128 1651 1220 1714 milia
1240 1653 1304 1717 bo-

222 1761 347 1823 minum
367 1759 502 1824 XXIIII
526 1759 664 1823 adeum
688 1760 863 1840 venissent,
889 1760 1007 1840 quibus
1030 1760 1120 1821 locus
1144 1778 1181 1821 ac
1202 1761 1304 1826 sedes

182 1890 209 1931 11
222 1873 417 1951 pararentur.
456 1868 600 1932 futurum
619 1886 687 1931 esse
706 1869 816 1950 paucis
836 1869 940 1946 annia,
965 1868 1012 1929 uti
1032 1885 1141 1928 omnes
1162 1885 1204 1929 ex
1222 1866 1305 1932 Gal-

222 1975 283 2038 liae
314 1973 432 2038 finibus
464 1975 657 2058 pellerentur
689 1984 784 2055 atque
818 1992 929 2037 onmes
963 1972 1114 2036 Germani
1142 1972 1305 2040 Rhenum
1319 2000 1349 2042 40

222 2083 405 2161 transirent;
435 2101 539 2162 nequa
569 2082 654 2144 eninr
679 2081 907 2144 eonferendum
936 2099 1005 2144 csse
1031 2079 1190 2143 Gallicum
1221 2101 1303 2147 cum

224 2187 455 2252 Germanorum
476 2208 551 2270 agro
573 2206 676 2269 noque
697 2188 781 2249 lianc
802 2188 1065 2250 consuetudinem
1089 2187 1194 2249 victus
1220 2208 1303 2254 oum

182 2315 209 2356 12
222 2294 277 2356 illa
305 2295 559 2377 comparandam.
609 2295 812 2357 Ariovistum
840 2302 958 2373 autem,
992 2300 1027 2356 ut
1059 2293 1157 2356 semel
1187 2293 1302 2360 Gallo-

221 2420 294 2462 rum
318 2402 424 2483 copias
451 2401 570 2483 proelio
594 2403 718 2483 vicerit,
748 2400 833 2482 quod
861 2402 1017 2484 proelium
1045 2402 1163 2463 facturn
1188 2403 1231 2464 sit
1255 2405 1302 2468 ad

223 2505 484 2590 Magetobrigam,
522 2507 657 2590 superbe
691 2513 723 2571 et
752 2509 923 2571 crudeliter
957 2509 1127 2590 imperare,
1165 2506 1302 2574 obsides
1316 2532 1344 2575 45

222 2612 414 2676 nobilissimi
450 2614 608 2696 cuiusque
642 2615 759 2678 liberos
796 2632 926 2696 poscere
965 2622 995 2677 et
1032 2615 1065 2675 ln
1099 2633 1152 2676 eos
1186 2619 1302 2681 omnia

224 2721 369 2802 exempla
396 2723 620 2804 cruciatusque
649 2722 756 2801 edere,
788 2723 815 2784 si
846 2741 908 2802 qua
936 2740 987 2784 res
1015 2740 1079 2784 non
1108 2720 1148 2782 ad
1176 2729 1301 2787 nutum

182 2847 209 2889 13
223 2832 278 2890 aut
310 2827 350 2890 ad
381 2828 580 2890 voluntatem
612 2828 682 2891 aius
710 2829 792 2891 facta
822 2830 871 2891 sit.
923 2829 1086 2890 homiuem
1119 2846 1187 2890 esse
1222 2827 1300 2892 bar·

221 2934 346 3018 barum,
375 2935 579 3018 iracundum,
607 2937 823 2997 temerarium:
853 2954 918 2998 non
943 2953 1036 3018 posse
1061 2935 1131 2996 eius
1156 2934 1300 3017 imperia

181 3063 209 3104 14
222 3041 342 3105 diutius
371 3044 529 3106 sustineri.
580 3043 642 3104 nisi
676 3042 753 3122 quid
785 3044 818 3104 in
849 3041 982 3105 Caesare
1017 3041 1199 3123 populoque
1229 3041 1298 3106 Ro·
1313 3064 1340 3107 so

221 3168 314 3212 mano
343 3151 384 3213 sit
416 3150 542 3230 auxilii,
575 3149 725 3212 omnibus
754 3149 853 3212 Gallis
886 3149 972 3211 idom
1000 3167 1069 3210 esse
1098 3147 1297 3230 1001011111ωο,

224 3255 308 3335 quod
332 3255 473 3319 Helvetii
496 3256 641 3337 fecerint,
670 3262 706 3318 ut
732 3256 825 3317 domo
850 3257 1018 3337 emigrent,
1047 3253 1134 3317 aliud
1158 3254 1297 3318 domici-

221 3362 313 3444 lium,
339 3363 416 3425 alias
440 3362 545 3442 sedec,
572 3373 709 3426 remotas
734 3362 954 3442 allemania,
982 3368 1092 3444 petant
1114 3361 1296 3426 fortunam-

181 3493 207 3534 15
222 3487 298 3550 que,
325 3488 547 3550 quaecumque
571 3469 703 3549 accidat,
728 3469 939 3550 experiantur.
979 3469 1057 3530 haec
1080 3468 1107 3529 si
1126 3470 1296 3533 enuntiata

221 3576 386 3639 Ariovisto
410 3578 486 3657 sint,
510 3595 575 3639 non
599 3575 758 3655 dubitare,
783 3575 863 3656 quin
887 3574 925 3636 de
945 3574 1093 3637 omnibus
1114 3573 1294 3661 obsidibus,
1309 3595 1336 3640 aa

181 3683 278 3763 requi
303 3682 387 3764 apud
410 3703 484 3745 eum
508 3684 584 3761 sint,
607 3682 834 3764 gravissimum
853 3681 1044 3764 supplicium
1064 3686 1176 3743 suniat.
1215 3681 1293 3746 Cac-

311 3878 352 3929 37.
373 3874 407 3928 38
426 3875 566 3928 homiuum
584 3876 633 3927 del.
649 3875 738 3928 01000.
773 3875 781 3943 ll
814 3876 848 3929 38
867 3875 1004 3927 uenissent
1023 3875 1056 3927 ad
1071 3892 1133 3928 eum
1148 3894 1162 3942 p
1205 3877 1213 3939 ΙΙ
1256 3878 1293 3931 43

222 3966 371 4019 Ariouistus
389 3964 437 4031 Μβ
473 3964 481 4031 ll
517 3966 560 4016 44.
581 3965 614 4018 45
639 3965 672 4017 ad
691 3965 899 4033 Magetobrigam
923 3964 1020 4027 Glz'404r3
1045 3964 1078 4016 ad
1097 3964 1294 4031 nragetobriam

221 4055 285 4121 fin
301 4072 371 4120 ros.;
399 4053 612 4122 admagetobrige
632 4071 664 4122 χ;
686 4053 897 4121 admagetobriae
922 4055 1000 4123 φαίρ)
1049 4055 1057 4121 ll
1104 4053 1138 4106 50
1161 4054 1293 4110 sustineri

224 4144 292 4212 83²3
316 4145 445 4198 sustinere
464 4143 523 4195 rell.
556 4142 565 4211 ll
597 4143 648 4196 nisi
668 4142 785 4210 A¹M¹p33
810 4143 861 4194 nisi
884 4143 906 4195 si
924 4143 983 4195 roll.
1026 4146 1034 4211 q
1075 4144 1108 4195 55
1133 4142 1186 4195 sint
1199 4142 1292 4212 pB²o3

221 4237 283 4286 suut
301 4253 340 4305 up
