2806 4778
239 307 258 368 2
640 319 745 373 BELLI
769 318 910 373 GALLICI

238 504 257 547 a
285 482 448 546 Garumna
478 481 611 545 flumine
645 482 685 545 ad
712 481 896 563 Pyrenaeos
928 488 1052 545 montes
1081 489 1111 545 et
1139 503 1208 546 earn
1236 504 1310 566 par-

238 596 303 654 tem
336 589 466 671 Oceani,
500 607 581 670 quae
614 593 662 652 est
694 589 734 652 ad
765 587 969 671 Hispaniam,
1001 590 1152 672 pertinet,
1189 595 1310 672 spectat

239 699 323 760 inter
346 715 493 760 occasum
517 695 592 759 solis
616 700 648 759 et
669 695 921 779 septentriones]

201 812 220 866 2
327 804 425 886 Apud
442 802 608 867 Helvetios
631 803 725 885 longe
749 802 966 866 nobilissimus
988 803 1049 865 fuit
1077 808 1109 866 et
1132 805 1339 869 ditissimusr

239 911 416 993 Orgetorix.
449 911 477 973 is
489 909 531 972 M.
542 908 687 990 Messala,
704 907 747 992 [et
762 909 808 993 P.]
825 910 867 973 M.
880 908 997 973 Pisone
1014 910 1201 973 consulibus
1216 913 1309 993 regni

239 1018 410 1100 cupiditate
433 1017 583 1080 inductus
608 1018 861 1081 coniurationem
883 1015 1058 1079 nobilitatis
1081 1018 1156 1081 fecit
1178 1023 1210 1081 et
1231 1019 1309 1080 civi-

238 1125 294 1188 tati
319 1125 488 1207 persuasit,
511 1128 548 1186 ut
571 1124 610 1187 de
629 1123 748 1187 finibus
772 1126 838 1186 suis
862 1144 932 1186 cum
955 1124 1102 1187 omnibns
1122 1126 1220 1206 copiis
1239 1127 1310 1187 exi-

211 1237 323 1297 arent:
362 1231 511 1314 perfacile
543 1250 626 1312 esse,
664 1249 737 1293 cum
769 1231 887 1294 virtute
921 1231 1069 1294 omnibus
1101 1236 1342 1314 praestarent,r›

210 1339 334 1405 atotius
358 1337 478 1401 Galliae
505 1338 637 1420 imperio
665 1339 768 1420 potiri.
814 1338 849 1401 id
876 1339 936 1401 hoc
963 1338 1087 1401 facilius
1115 1339 1155 1400 iis
1178 1358 1310 1420 persua-

238 1446 291 1525 sit,
320 1444 405 1525 quod
432 1444 575 1527 undique
604 1445 666 1508 loci
693 1450 808 1507 natura
829 1443 972 1508 Helvetii
996 1446 1212 1508 continentur:
1241 1465 1311 1508 una

239 1571 280 1616 ex
312 1556 400 1633 parte
432 1551 565 1614 flumine
592 1551 704 1614 Rheno
736 1547 891 1614 latissimo
925 1557 1019 1633 atque
1053 1553 1218 1633 altissimo,
1252 1555 1310 1634 qui

238 1679 350 1742 agrum
382 1657 567 1722 Helvetium
599 1679 619 1720 a
652 1657 818 1722 Germanis
852 1658 979 1735 dividit,
1014 1659 1113 1722 altera
1145 1678 1186 1722 ex
1217 1666 1309 1741 parte

238 1772 346 1829 monte
373 1765 449 1828 Iura
477 1766 642 1846 altissimo,
672 1767 727 1846 qui
755 1770 803 1829 est
828 1767 912 1829 inter
941 1764 1106 1846 Sequanos
1135 1771 1166 1829 et
1188 1765 1358 1834 Helva-10

237 1875 312 1949 tios;
342 1873 436 1936 tertia
458 1872 531 1935 lacu
552 1856 716 1935 Leman‘no
745 1878 777 1936 et
803 1872 937 1936 flumine
961 1872 1131 1952 Rhodano,
1156 1873 1212 1954 qui
1235 1892 1310 1955 pro-

209 1981 376 2047 avinciam
395 1984 537 2042 nostram
556 1979 594 2041 ab
611 1979 767 2043 Helvetiis
791 1980 914 2042 dividit.
949 1980 998 2042 his
1021 1979 1117 2042 rebus
1140 1977 1248 2059 fiebat,
1272 1986 1311 2043 ut

238 2091 270 2150 et
300 2087 408 2149 minus
440 2086 502 2149 late
533 2091 728 2168 vagarentur
753 2092 784 2149 et
811 2088 919 2149 minus
946 2086 1038 2149 facile
1065 2085 1213 2148 finitimis
1241 2084 1310 2149 bel-

237 2194 305 2256 lum
332 2192 450 2256 inferre
477 2198 620 2275 possent3
651 2212 714 2273 qua
742 2197 895 2276 exparte
919 2193 1066 2255 homines
1090 2193 1229 2255 bellandi
1253 2213 1310 2254 eu-

210 2301 304 2384 spidi
330 2319 446 2382 magno
475 2300 583 2362 dolore
608 2297 845 2362 adliciebantur.
891 2319 948 2382 pro
972 2299 1176 2362 multitudine
1201 2304 1309 2362 autem
1325 2327 1357 2368 15

131 2425 134 2432 ·
237 2407 403 2470 hominum
435 2412 467 2470 et
493 2426 549 2489 pro
578 2406 679 2489 gloria
706 2405 781 2469 belli
810 2412 904 2486 atque
932 2406 1128 2469 fortitudinis
1156 2414 1309 2489 angustos

237 2534 271 2578 se
303 2512 384 2578 fines
412 2513 528 2577 habere
557 2513 804 2594 arbitrabantur,
838 2515 893 2594 qui
921 2514 952 2575 in
982 2514 1214 2596 longitudinem
1247 2515 1310 2575 mi-

236 2621 279 2683 lia
311 2640 463 2704 passuum
496 2618 618 2700 OOXL,
653 2621 688 2681 in
724 2620 926 2683 latitudinem
960 2618 1113 2683 CLXXX
1147 2619 1308 2702 patebant.

200 2735 218 2790 3
237 2727 297 2790 His
320 2727 417 2790 rebus
441 2727 568 2790 adducti
593 2733 625 2790 et
648 2729 833 2790 auctoritate
856 2726 1051 2810 Orgetorigis
1074 2726 1205 2809 permoti
1230 2745 1338 2792 con-1

237 2836 409 2898 stituerunt
437 2853 486 2914 ea,
515 2853 596 2916 quae
625 2835 665 2897 ad
692 2833 957 2917 proficiscendum
984 2835 1192 2916 pertinerent,
1221 2852 1309 2895 ccm-

171 2996 178 3015 ,
235 2961 360 3026 parare,
387 2943 604 3005 iumentorum
632 2946 849 3005 atoariorum
875 2960 971 3022 quam
994 2942 1170 3002 maximum
1196 2960 1309 3004 nume-

235 3070 307 3112 rum
331 3068 488 3130 coemere,
517 3052 675 3111 sementes
699 3068 794 3129 quam
817 3049 973 3110 maximas
996 3047 1114 3127 facere,
1139 3049 1230 3109 utin
1255 3048 1310 3109 iti-

235 3174 312 3218 nere
341 3157 430 3238 copia
452 3156 603 3218 frumenti
627 3160 819 3238 suppeteret,
849 3174 923 3216 cum
945 3154 1102 3237 proximis
1125 3155 1342 3220 civitatibuso

209 3281 347 3344 apacem
375 3268 406 3324 et
434 3263 605 3324 amicitiam
633 3260 829 3324 confirmare.
878 3261 917 3322 ad
941 3280 995 3324 eas
1018 3279 1069 3323 res
1093 3259 1310 3326 conficiendas

235 3368 404 3432 biennium
422 3367 482 3430 sibi
502 3370 577 3431 satis
597 3387 666 3431 esse
686 3369 862 3446 duxerunt,
887 3369 921 3429 in
941 3369 1070 3432 tertium
1092 3386 1211 3428 annum
1235 3387 1310 3449 pro-

208 3477 405 3542 sfectionem
419 3475 488 3558 lege
504 3474 699 3538 confirmant.
734 3473 853 3558 [adeas
869 3494 919 3536 res
935 3471 1158 3556 conficiendas]
1175 3472 1309 3556 Orgeto-

235 3583 287 3643 rix
311 3580 408 3666 (dux)
433 3582 589 3664 deligitur.
626 3583 655 3645 is
677 3580 762 3665 [sibi]
782 3582 972 3664 legationem
989 3581 1029 3643 ad
1045 3581 1190 3643 civitates
1206 3582 1309 3644 susci-

207 3689 288 3771 cpit.
327 3689 362 3750 in
385 3707 422 3750 eo
441 3691 553 3751 itinere
571 3689 740 3772 persuadet
759 3686 894 3769 Caeliae,
919 3685 1204 3750 Catamantaloedis
1228 3686 1308 3770 filio,
1324 3712 1355 3754 10
1398 3776 1400 3784 ,

325 3882 359 3934 22
378 3898 505 3950 garumna
524 3900 552 3948 a3
571 3899 690 3950 garunna
707 3882 738 3935 X
772 3881 779 3953 Η
817 3882 851 3934 23
871 3884 911 3934 est
929 3898 981 3933 om.
1001 3888 1018 3947 β

323 3972 351 4026 2.
372 3972 388 4023 2
407 3971 442 4024 Μ.
457 3971 622 4040 Lahmeyer3
642 3977 669 4024 et
687 3972 712 4041 p.
732 3974 766 4024 rii.
786 3971 816 4023 X
850 3968 858 4041 ll
895 3973 911 4023 6
930 3970 963 4023 iis
984 3970 1158 4038 Spillmama3
1178 3969 1216 4021 eis
1235 3968 1266 4021 X

323 4062 350 4117 3.
371 4061 396 4114 8.
416 4061 432 4114 9
451 4061 537 4113 uerba
558 4062 590 4113 ad
615 4077 659 4114 eas
678 4077 721 4114 res
744 4060 920 4113 conficiendas
944 4060 992 4112 del.
1013 4060 1136 4124 (irritem,
1164 4059 1219 4110 dux
1243 4058 1309 4110 odd.

237 4152 354 4205 Sobiller
391 4148 398 4221 ll
436 4151 452 4203 9
472 4150 519 4202 sibi
539 4151 588 4202 del.
608 4150 780 4203 *HJMc'iller
800 4151 860 4217 (aut
878 4149 927 4203 sibi
943 4147 1161 4217 (optatissimam)
1182 4146 1308 4199 scriben-

234 4241 410 4307 damccaset)
435 4237 443 4310 ΙΙ
471 4239 495 4293 9.
508 4239 785 4308 resuscipitnavis.;
803 4238 959 4306 suscepitX
984 4236 992 4308 Η
1021 4235 1275 4291 catamantalohedis
1285 4255 1311 4304 χ
