2806 4778
416 321 525 375 LIBER
542 323 589 376 VI.
610 321 685 377 CAP.
708 325 826 378 13-16.
1092 309 1155 371 143

84 484 173 568 plina
204 490 401 569 permanent.
456 503 561 568 neque
588 485 635 548 fas
664 504 733 549 esse
762 487 946 549 existimant
978 507 1016 550 ea
1042 487 1156 550 litteris

86 592 252 674 mandare,
276 612 350 655 oum
372 593 409 655 in
432 592 565 674 reliquis
587 592 652 656 fere
676 592 785 675 rebus,
809 592 945 675 publicis
961 595 1155 675 privatisque

41 699 276 781 rorationibus,
305 699 434 763 Graecis
461 699 576 762 litteris
604 704 743 762 utantur
794 699 827 761 id
854 698 935 762 mihi
963 699 1087 763 duabus
1116 700 1188 764 der

85 807 190 869 causis
213 807 391 870 instituisse
414 805 577 887 videntur,
608 806 692 886 quod
720 824 826 889 neque
854 807 887 867 111
915 806 1033 888 vulgus
1062 806 1156 870 disci-

84 913 206 996 plinam
230 912 334 977 efferri
357 913 458 975 velint
479 932 586 995 neque
610 932 679 995 eos,
704 915 759 995 qui
784 913 920 995 discunt,
944 913 1057 976 litteris
1081 933 1155 976 con·

83 1019 160 1082 fisos
183 1021 291 1083 minus
313 1021 486 1084 memoriae
503 1020 644 1100 studere,
671 1020 756 1103 quod
773 1019 839 1084 fere
854 1021 1016 1104 plerisque
1032 1021 1156 1102 accidit,

84 1133 122 1190 ut
143 1125 302 1209 praesidio
324 1126 501 1189 litterarum
526 1127 723 1210 diligentiam
747 1128 782 1188 in
802 1127 1010 1209 perdiscendo
1035 1146 1071 1189 ac
1090 1146 1155 1190 me·

42 1256 69 1298 ro
84 1235 220 1296 moriam
242 1234 411 1296 remittant.
453 1235 488 1295 in
506 1234 619 1317 primis
642 1235 702 1297 hoc
726 1235 839 1297 volunt
861 1235 1066 1316 persuadere,
1089 1253 1187 1297 nona

84 1342 217 1404 interire
241 1341 376 1422 animas,
400 1340 457 1403 sed
481 1340 519 1403 ab
537 1340 607 1404 aliis
622 1347 694 1424 post
709 1346 845 1405 mortem
861 1342 995 1404 transire
1012 1341 1051 1403 ad
1068 1341 1155 1421 alios,

85 1454 181 1530 atque
204 1448 264 1510 hoc
280 1448 421 1510 maxime
437 1447 477 1510 ad
492 1449 644 1511 virtutem
660 1449 792 1511 excitari
811 1453 925 1531 putant
940 1453 1028 1530 npetu
1044 1449 1155 1511 mortis

85 1554 239 1637 neglecto.
278 1553 379 1616 multa
401 1560 565 1636 praeterea
584 1553 623 1616 de
643 1553 801 1617 sideribus
817 1559 913 1637 atque
928 1574 1039 1618 eorum
1055 1559 1186 1634 motu,e

85 1660 126 1723 de
148 1660 263 1723 mundi
287 1680 323 1723 ac
347 1664 504 1724 terrarum
528 1661 762 1743 magnitudine,
787 1660 826 1723 de
842 1680 949 1723 rerum
965 1666 1092 1741 natura,
1116 1661 1155 1724 de

44 1767 219 1830 acdeorum
241 1767 472 1830 immortalium
498 1769 532 1830 ri
555 1787 591 1830 66
615 1771 768 1850 potestate
797 1767 959 1850 disputant
987 1773 1018 1831 61
1044 1769 1155 1830 iuven-

86 1876 148 1937 tuti
172 1874 310 1937 tradunt.

57 2004 70 2043 r
174 1981 323 2045 Alterum
347 2001 448 2064 genus
472 1986 519 2044 661
535 1983 688 2063 equitum.
728 1981 775 2061 hi,
799 2000 872 2061 oum
889 1988 937 2044 661
959 2001 1036 2044 usus
1060 1986 1155 2062 atque
1173 1994 1216 2048 16-

85 2087 217 2171 aliquod
240 2087 361 2152 bellum
385 2088 501 2151 incidit
517 2126 558 2132 —
576 2088 662 2170 quod
685 2089 751 2152 fere
776 2091 848 2151 61116
873 2085 1015 2151 Caesaris
1039 2086 1155 2150 adven-

86 2200 155 2258 tum
180 2197 351 2277 quotannis
375 2195 519 2259 accidere
536 2195 670 2276 solebat,
696 2196 741 2257 uti
763 2200 818 2257 aut
832 2195 894 2277 ipsi
909 2195 1044 2257 iniurias
1059 2194 1155 2257 infer-

84 2307 158 2366 rent
181 2307 237 2364 6111
251 2302 366 2364 11116166
381 2302 606 2385 propulsarent
621 2340 677 2384 —,
702 2321 812 2365 omnes
827 2303 862 2363 111
878 2301 961 2364 bello
977 2306 1155 2382 versantur,

57 2414 182 2489 eatque
206 2429 317 2473 eorum
341 2414 379 2471 ut
401 2410 537 2491 quisque
558 2414 606 2472 est
621 2428 736 2492 genere
752 2410 916 2491 copiisque
933 2409 1155 2491 amplissimus
1170 2427 1183 2468 2

84 2517 131 2580 ita
152 2516 308 2598 plurimos
332 2517 453 2578 circum
476 2535 509 2578 66
533 2516 695 2579 ambactos
719 2516 913 2598 clientesque
930 2516 1033 2579 habet.
1074 2516 1155 2578 hanc

86 2643 184 2686 unam
207 2623 342 2705 gratiam
364 2624 603 2705 potentiamque
627 2629 792 2686 noverunt.

57 2751 69 2790 1
176 2728 270 2792 Natio
294 2735 343 2792 est
365 2731 469 2792 omnis
493 2729 657 2792 Gallorum
681 2730 853 2793 admodum
875 2728 980 2791 dedita
994 2729 1156 2812 religioni·
1175 2739 1217 2793 11

85 2836 160 2917 bue,
191 2841 285 2918 atque
310 2836 350 2898 ob
375 2854 444 2898 eam
468 2856 596 2898 oausam
625 2838 682 2916 qui
709 2843 785 2899 sunt
812 2836 927 2899 adfecti
954 2833 1182 2917 gravioribusr

84 2943 206 3006 morbis
231 2943 351 3026 quique
374 2944 410 3005 in
433 2943 561 3025 proeliis
585 2944 800 3025 periculisque
816 2947 996 3023 versantur,
1020 2946 1075 3003 aut
1097 2960 1154 3023 pro

86 3051 226 3113 victimis
249 3050 394 3114 homines
409 3050 577 3112 immolant
600 3055 655 3112 aut
674 3068 707 3113 66
724 3049 943 3112 immolaturos
958 3054 1084 3129 vovent,
1101 3047 1155 3110 ad-

57 3157 305 3237 aministrisque
330 3157 370 3218 ad
393 3175 431 3219 66
451 3155 604 3219 sacrificia
620 3156 788 3219 druidibus
804 3160 952 3236 uttmtur,
977 3153 1075 3236 quod,
1098 3173 1182 3236 prce

85 3265 153 3327 rita
175 3263 314 3326 hominis
338 3264 401 3326 nisi
424 3262 563 3326 hominis
586 3264 652 3325 vita
674 3263 839 3344 reddatur,
868 3282 933 3324 non
961 3279 1054 3344 posse
1082 3261 1155 3322 deo-

85 3391 161 3433 rum
183 3370 411 3433 immortalium
434 3389 554 3434 numen
582 3370 701 3453 placari
730 3368 937 3449 arbitrantur,
965 3348 1160 3450 publiceque

86 3477 232 3541 eiusdem
260 3478 384 3560 generis
411 3477 530 3541 habent
561 3478 706 3540 instituta
731 3476 891 3540 sacrificia.
943 3476 997 3538 alii
1024 3477 1156 3538 immani
1169 3503 1188 3543 1,

177 3707 322 3776 9reliquis
341 3707 421 3760 rebus
440 3708 529 3774 ferefl
564 3711 573 3775 11
611 3707 645 3761 10
667 3709 777 3759 utantur
793 3705 924 3772 litterisfl
960 3707 968 3775 [t
1007 3706 1038 3758 11
1058 3703 1155 3773 uulgus

85 3797 125 3851 ed.
146 3799 173 3864 13
192 3796 303 3864 uulgum
321 3796 352 3848 X
385 3796 393 3864 l
432 3796 621 3863 1211666111β
656 3796 665 3864 ll
703 3798 734 3848 17
755 3795 870 3848 maxime
889 3802 978 3861 66611
1014 3795 1022 3862 ll
1060 3794 1101 3847 19.
1122 3793 1157 3848 20

85 3889 193 3954 natura,
212 3887 244 3940 de
264 3886 291 3938 ui
309 3887 418 3940 deorum
438 3902 468 3939 66
486 3892 503 3951 β

177 3975 222 4030 15.
243 3975 266 4028 2.
287 3976 303 4028 3
322 3975 393 4044 quod
412 3977 473 4028 61116
493 3974 606 4028 66666116
625 3975 770 4043 aduentum
790 3974 844 4027 fere
863 3980 880 4040 β
911 3973 919 4040 ll
956 3976 971 4027 5
991 3972 1072 4040 copiis
1092 3973 1154 4038 (om.

85 4066 186 4134 quem
217 4064 226 4133 ll
258 4064 398 4130 6circafl
428 4064 437 4131 11
468 4063 601 4130 habente

177 4154 428 4220 16.10mniuma
461 4153 469 4223 11
501 4152 682 4207 bdruudibus
702 4172 723 4204 π
746 4153 755 4221 ll
782 4151 932 4206 dhominis
951 4149 1066 4204 nonnisi
1084 4149 1154 4202 hom.

86 4261 111 4296 r.
133 4261 151 4294 6
186 4241 195 4314 l
229 4243 285 4297 uita
302 4241 460 4311 hominisrp
493 4243 501 4307 11
536 4241 622 4310 posse]
642 4240 718 4295 aliter
737 4241 835 4307 adalp
866 4242 874 4304 ll
906 4239 999 4293 Boius
1019 4238 1159 4308 generisp
