2806 4778
182 323 245 384 178
580 336 686 390 BELLI
705 335 846 390 GALLICI

180 510 270 563 crant
293 500 398 562 animo
415 500 609 563 consternati
627 500 771 562 homines
787 498 904 561 insueti
920 497 1055 579 laboris,
1079 508 1118 561 ut
1143 501 1255 579 omnia,

123 615 157 670 31
180 627 262 688 quae
278 608 522 690 imperarentur,
539 605 598 668 sibi
615 606 766 688 patienda
781 606 1010 669 existimarent.
1050 604 1123 669 Nec
1140 607 1274 684 minuar

179 734 274 796 quam
304 722 351 777 est
377 714 551 797 pollicitus,
584 712 828 794 Vercingetorix
862 713 969 774 animo
1002 711 1189 793 laborabat,
1221 720 1253 775 ut

178 822 317 905 reliquas
337 823 480 884 civitates
499 821 700 903 alliungeret,
724 826 819 902 atquc
838 838 948 882 earum
969 819 1137 902 principes
1162 819 1251 882 donis

151 927 524 1011 apollicitationibusque
547 926 723 989 adiiciebat.
769 927 844 988 huic
868 926 914 988 rei
941 925 1079 989 idoneos
1108 926 1250 989 homines

179 1035 349 1118 deligebat,
374 1053 512 1117 quorum
536 1035 672 1115 quisque
696 1040 750 1095 aut
774 1033 917 1095 oratione
935 1031 1071 1094 subdola
1096 1038 1153 1096 ant
1176 1034 1273 1096 ami-a

150 1144 253 1212 acitia
276 1142 425 1205 facillime
449 1160 561 1224 capere
584 1148 698 1222 posset.
745 1140 800 1222 qui
824 1140 963 1202 Avarico
991 1147 1181 1222 expugnato
1203 1159 1248 1203 re

150 1250 337 1332 afugerant,
362 1248 531 1310 armandos
555 1247 802 1328 vestiendosque
826 1252 929 1326 curat,
955 1246 1066 1326 simul,
1091 1252 1131 1309 ut
1154 1247 1247 1310 demi·

178 1365 273 1418 nutae
298 1355 407 1436 copiae
431 1353 736 1436 redintegrarentur,
767 1355 903 1435 imperat
925 1357 1047 1415 certum
1075 1373 1246 1418 numerum

177 1461 315 1524 militum
339 1460 535 1542 civitatibus,
565 1479 660 1542 quem
685 1466 717 1523 et
740 1480 836 1542 quam
867 1465 940 1522 ante
969 1459 1054 1522 diem
1084 1461 1121 1522 in
1150 1465 1245 1524 castra

177 1569 293 1631 adduci
308 1568 397 1650 velit,
414 1568 657 1650 sagittariosque
674 1586 798 1649 omnes,
816 1586 954 1650 quorum
969 1572 1039 1630 erat
1053 1586 1245 1650 permagnus
1257 1587 1280 1629 io

176 1678 210 1738 in
240 1675 343 1738 Gallia
371 1694 538 1755 numeruS,
571 1675 719 1755 conquiri
747 1680 779 1737 et
806 1674 846 1736 ad
875 1692 909 1737 se
936 1675 1020 1736 mitti
1048 1673 1150 1736 iubet.
1199 1675 1245 1736 his

149 1782 272 1850 erebus
296 1782 441 1846 celeriter
464 1781 510 1861 id,
535 1781 619 1863 quod
637 1781 767 1843 Avarici
788 1781 977 1862 deperierat,
1002 1780 1162 1862 expletur.
1199 1782 1245 1843 in-

176 1891 269 1954 terim
300 1889 520 1970 Teutomatus,
556 1887 752 1951 Olloviconis
783 1887 881 1968 filius,
919 1907 979 1950 rex
1010 1887 1245 1970 Nitiobrogum,

176 1997 268 2059 cuius
291 2001 380 2079 pater
403 1995 442 2057 ab
467 2001 580 2059 senatu
605 2000 712 2058 nostro
730 1996 854 2057 amicus
874 2000 942 2057 erat
957 1993 1152 2076 appellatus,
1175 2015 1242 2058 cum

175 2121 290 2185 magno
324 2121 458 2165 numero
488 2103 633 2184 equitum
662 2121 794 2164 suorum
828 2107 860 2165 et
887 2119 967 2181 quos
1000 2120 1042 2164 cx
1071 2102 1245 2183 Aquitania
1257 2121 1282 2162 ιι

176 2209 375 2272 conduxerat
399 2209 437 2271 ad
462 2229 534 2272 eum
560 2210 711 2291 pervenit.

119 2332 157 2387 32
266 2313 379 2378 Caesar
402 2317 532 2377 Avarici
557 2316 736 2398 complures
752 2315 820 2378 dies
836 2319 1049 2378 commoratus
1073 2335 1267 2378 summam-1

177 2441 239 2503 que
272 2422 316 2483 ibi
350 2423 472 2504 copiam
506 2422 656 2484 frumenti
692 2430 723 2485 et
754 2423 870 2503 reliqui
903 2428 1102 2486 commeatus
1134 2429 1245 2486 nactus

148 2553 161 2594 2
176 2530 350 2591 exercitum
377 2548 418 2592 ex
434 2528 541 2591 labore
558 2536 652 2611 atque
667 2530 776 2612 inopia
791 2528 900 2592 reficit.
939 2531 1001 2590 iam
1025 2548 1126 2612 prope
1143 2531 1245 2594 hieme

175 2634 329 2715 confecta,
353 2637 513 2718 cumipse
533 2638 609 2698 alanni
629 2643 768 2719 tempore
793 2637 832 2699 ad
848 2636 1023 2719 gerendum
1043 2635 1168 2700 bellum
1191 2657 1245 2700 vo-

175 2748 301 2806 caretur
325 2742 417 2805 etad
442 2743 564 2806 hostem
588 2743 745 2825 proficisci
767 2744 997 2823 constituisset,
1021 2744 1091 2806 sire
1107 2763 1184 2806 eum
1207 2763 1272 2807 exa

174 2849 345 2931 paludibus
368 2849 522 2932 silvisque
547 2851 661 2913 elicere
686 2851 754 2913 sive
779 2850 946 2913 obsidione
963 2869 1107 2931 premere
1131 2857 1244 2934 posset,

173 2957 268 3040 legati
293 2957 332 3019 ad
357 2976 430 3020 cum
453 2957 613 3040 principes
641 2956 851 3020 Haeduorum
878 2958 1014 3019 veniunt
1042 2963 1183 3039 oratum,
1212 2966 1245 3021 ut

146 3065 314 3128 amaxime
338 3065 515 3127 necessario
532 3069 673 3146 tempore
690 3065 808 3126 civitati
826 3064 1006 3126 subveniat:
1031 3083 1159 3133 summo
1177 3084 1245 3130 esse

174 3171 207 3231 in
231 3171 373 3253 periculo
389 3190 469 3252 rem,
495 3171 594 3252 quod,
619 3190 692 3233 cum
709 3171 827 3254 singuli
843 3172 1046 3254 magistratus
1062 3173 1244 3254 antiquitus

174 3279 272 3340 creari
297 3283 392 3358 atque
415 3278 536 3360 regiam
564 3282 748 3360 potestatem
775 3297 894 3339 annum
919 3277 1062 3341 obtinere
1091 3297 1244 3343 consues-
1257 3295 1284 3337 ro

172 3421 385 3428 -—

263 3505 296 3557 12
315 3509 389 3559 erant
408 3507 489 3574 Helel,
512 3509 575 3561 sunt
596 3507 627 3560 X
661 3508 670 3571 ΗΗ
707 3506 866 3561 consternati
888 3507 928 3574 X;
953 3507 1102 3576 confirmati
1123 3507 1212 3577 Nipp.
1235 3507 1245 3579 Η

174 3594 206 3645 13
226 3593 348 3660 patienda
367 3598 394 3647 et
412 3596 568 3663 perferenda
585 3603 614 3663 fi,
633 3596 754 3649 facienda
776 3595 865 3649 Ciocc.

260 3700 306 3754 31.
327 3702 350 3753 3.
370 3701 387 3753 4
406 3718 497 3754 carum
516 3702 648 3770 principes
667 3703 742 3756 donis
760 3702 1044 3771 pollicitationibusque
1055 3709 1084 3770 {³3
1104 3719 1150 3757 eas
1168 3705 1247 3758 bonis

170 3787 402 3856 pollicitationibus
423 3810 439 3841 ιι
472 3793 480 3859 Η
512 3791 739 3845 dadlieebatAn
772 3793 780 3856 ΗΗ
813 3792 983 3862 dcape1·e2;
1003 3791 1062 3860 capi
1074 3799 1104 3859 β;
1123 3810 1177 3846 οιιι.
1193 3811 1215 3862 φ
1233 3791 1246 3862 Η

172 3879 195 3930 7.
215 3877 232 3931 8
252 3877 396 3932 diminutae
416 3899 433 3930 ιι
465 3880 473 3947 Η
507 3881 540 3934 10
559 3897 670 3948 magnus
684 3901 705 3950 χ
737 3881 745 3949 ΗΗ
779 3883 809 3933 ll
830 3896 958 3933 numerus
975 3881 1003 3933 in
1018 3880 1133 3934 Galliac
1166 3882 1175 3950 Η
1208 3882 1241 3934 13

170 3969 333 4021 teutomotus
347 3974 385 4036 χβ
416 3968 424 4035 ΗΗ
456 3967 645 4036 ιιΠοιιίοοιιιεβ
677 3971 685 4039 ΗΗ
717 3970 1148 4040 nitiobriguma13niti0b1ugum
1168 3970 1214 4023 M¹
1232 3968 1245 4040 Η

172 4058 204 4110 15
224 4073 318 4124 magno
337 4057 457 4126 equitum
476 4073 585 4112 suorum
605 4075 713 4113 numero
734 4080 751 4111 ιι

258 4164 304 4219 32.
325 4166 338 4216 1
359 4165 463 4219 auarico
483 4185 500 4217 ιι
537 4166 545 4235 Η
583 4166 729 4220 2nanctus
747 4167 797 4234 B¹;
820 4167 918 4219 nantus
936 4166 962 4219 A
1000 4167 1008 4236 ΗΗ
1045 4167 1173 4220 3refecit
1191 4185 1212 4236 (p
1231 4164 1244 4236 Η

171 4254 185 4306 7
205 4255 337 4308 uenerunt
354 4262 371 4322 β
403 4256 411 4324 Η
444 4255 478 4310 10
497 4272 611 4309 annuam
630 4263 647 4323 β
