2806 4778
168 271 230 332 162
567 285 672 339 BELLl
691 285 834 340 GALLlOI

137 449 353 533 sobtestatur,
385 455 421 512 ut
452 451 486 511 in
521 448 583 511 fide
610 454 765 511 maneant.
813 450 958 513 celeriter
990 450 1053 513 sibi
1088 449 1241 531 Senones,

164 556 316 639 Parisios,
350 556 511 636 Pictones,
540 555 712 639 Cadurcos,
740 557 896 639 Turonos,
924 557 1099 638 Aulercos,
1129 557 1239 620 Lemo-

164 666 263 745 vices,
286 664 399 728 Andos
422 664 625 747 reliquosque
651 682 771 744 omues,
797 664 853 746 qui
877 661 1042 728 Oceanum
1067 666 1237 748 attingunt,

137 771 323 855 :adiungit3
358 773 503 834 omnium
530 789 687 834 consensu
716 771 756 832 ad
785 789 859 833 erun
887 772 1029 834 defertur
1056 772 1234 855 imperium.

164 899 227 960 qua
252 879 356 941 oblata
378 882 531 961 potestate
556 877 703 939 omnibus
732 877 781 940 his
809 877 992 941 civitatibus
1021 878 1152 942 obsides
1179 881 1269 946 im-ao

162 991 264 1069 perat,
297 992 419 1049 certum
447 1003 617 1047 numerum
645 985 783 1047 militum
814 985 852 1046 ad
882 1004 921 1063 se
939 985 1089 1049 celeriter
1119 986 1234 1050 adduci

134 1094 262 1174 siubet,
288 1112 448 1155 armorum
473 1102 628 1172 quantum
653 1110 799 1173 quaeque
827 1093 939 1155 civitas
963 1093 1052 1155 domi
1083 1094 1234 1175 quodque

135 1228 147 1266 o
163 1208 234 1264 ante
259 1205 384 1282 ternpus
408 1198 524 1262 efficiat
548 1201 726 1278 constituit;
752 1200 786 1260 in
809 1200 921 1281 primis
938 1201 1096 1280 equitatui
1121 1201 1232 1264 studet.

162 1327 304 1370 summae
338 1306 521 1389 diligentiae
553 1326 711 1368 summam
739 1307 864 1389 imperii
897 1309 1100 1370 severitatem
1133 1310 1231 1387 addit

53 1482 56 1487 .
121 1442 147 1482 ro
161 1413 382 1496 magnitudine
407 1413 553 1496 supplicii
577 1413 758 1476 dubitantes
782 1415 875 1496 cogit.
918 1433 993 1475 narn
1009 1415 1132 1478 maiore
1150 1435 1267 1479 corn-25

160 1523 258 1584 misso
283 1521 397 1583 delicto
421 1521 490 1603 igni
515 1526 609 1602 atque
635 1520 783 1583 omnibus
800 1522 967 1582 tormentis
982 1527 1089 1601 necat,
1112 1522 1231 1587 leviore

162 1630 200 1692 dc
225 1648 319 1691 causa
343 1627 474 1690 auribus
499 1628 633 1690 desectis
657 1633 712 1689 aut
735 1628 871 1708 singulis
896 1626 1017 1690 effossis
1046 1629 1151 1691 oculis
1179 1630 1230 1692 do-

159 1757 248 1799 mum
272 1737 417 1818 remittit,
441 1739 478 1798 ut
500 1735 566 1797 sint
589 1734 722 1815 reliquis
746 1734 936 1796 documento
961 1740 992 1798 et
1010 1737 1230 1818 magnitudine

123 1862 280 1926 apoenae
303 1849 500 1927 perterreant
528 1842 615 1903 alios.
666 1840 726 1903 His
755 1841 919 1923 suppliciis
947 1842 1093 1906 celeriter
1121 1851 1253 1907 coactor

160 1952 303 2014 exercitu
330 1950 515 2013 Lucterium
544 1948 738 2029 Cadurcum,
771 1967 921 2010 summae
942 1949 1107 2012 hominem
1136 1950 1229 2012 auda-

160 2060 239 2139 ciae,
264 2064 449 2140 camparte
473 2057 637 2138 copiarum
660 2056 692 2116 in
717 2054 860 2117 Rutenos
884 2056 993 2133 mittit,
1024 2056 1092 2138 ipse
1118 2057 1154 2118 in
1178 2058 1229 2120 Bi-

131 2167 280 2247 2turiges
303 2164 524 2247 proficiscitur.
571 2163 638 2224 eius
663 2162 804 2224 adventu
827 2162 988 2245 Bituriges
1012 2162 1052 2224 ad
1067 2162 1229 2237 Haeduos,

159 2291 296 2353 quorum
320 2276 409 2333 erant
431 2271 465 2331 in
488 2269 564 2349 fide,
587 2269 708 2351 legatos
729 2249 1056 2331 urittunt'subsidium
1073 2277 1252 2353 rogaturus

131 2397 222 2460 aquo
247 2377 371 2440 facilius
394 2378 533 2439 hostium
557 2378 663 2459 copias
686 2377 841 2439 sustinere
857 2377 988 2458 possint.
1035 2376 1167 2440 Haedui
1192 2378 1229 2440 de

158 2483 289 2547 consilio
313 2484 502 2566 legatorum,
532 2503 611 2565 quos
636 2481 751 2546 Caesar
774 2483 812 2545 ad
838 2485 1017 2546 exercitum
1045 2483 1228 2567 reliquerat,

157 2593 262 2673 copias
287 2592 447 2672 equitatus
470 2591 694 2672 peditatusque
711 2590 852 2653 subsidio
868 2590 1071 2672 Biturigibus
1086 2594 1227 2657 mittunt.

129 2700 213 2780 aqui
237 2719 310 2761 cum
334 2698 373 2760 ad
397 2696 516 2761 flumen
536 2697 675 2779 Ligerim
699 2699 873 2778 venissent,
897 2696 982 2778 quod
998 2697 1165 2782 Bituriges
1190 2701 1228 2763 ab

157 2806 299 2869 Haeduis
332 2805 457 2886 dividit,
491 2823 609 2887 paucos
643 2805 710 2866 dies
742 2803 787 2865 ibi
819 2805 934 2866 morati
965 2823 1071 2885 neque
1104 2806 1261 2871 flunreuro

128 2941 141 2981 5
157 2913 292 2976 transire
317 2914 386 2974 ausi
410 2913 541 2974 domum
560 2916 766 2975 revertuntur
780 2910 957 2993 legatisque
973 2913 1090 2974 nostris
1107 2933 1228 2977 renun-

155 3022 235 3083 tiant
258 3040 291 3083 se
315 3020 497 3102 Biturigum
522 3018 685 3101 perfidiam
708 3019 828 3080 veritos
843 3019 1024 3097 revertisse,
1049 3019 1171 3100 quibus
1196 3022 1227 3083 id

155 3128 280 3190 consilii
303 3127 400 3189 fuisse
425 3127 645 3208 cognoverint,
670 3131 717 3205 ut,
741 3126 767 3186 si
790 3124 911 3186 flumen
934 3125 1137 3207 transissent,
1162 3148 1228 3190 una

128 3253 197 3301 aex
219 3239 308 3316 parte
331 3235 405 3316 ipsi,
430 3234 526 3296 altera
549 3234 688 3296 Arverni
712 3251 745 3294 se
770 3233 1048 3294 circumsisterent.
1087 3233 1121 3295 id
1147 3253 1226 3298 eane

155 3341 194 3403 de
218 3361 327 3421 causa,
352 3361 448 3422 quam
471 3341 583 3423 legatis
606 3340 857 3423 pronuntiarint,
882 3358 924 3401 an
939 3337 1070 3421 perfidia
1093 3339 1225 3404 adducti
1238 3359 1262 3401 a

154 3447 299 3528 fecerint,
324 3447 409 3526 quod
433 3447 513 3509 nihil
536 3447 630 3510 nobis
654 3452 791 3527 constat,
814 3465 880 3508 non
904 3444 1032 3508 videtur
1054 3465 1112 3527 pro
1138 3455 1224 3512 certo

127 3572 222 3623 resse
245 3554 439 3635 ponendum.
485 3554 646 3636 Bituriges
663 3573 774 3616 eorum
794 3552 935 3615 discessu
959 3553 1065 3615 statim
1090 3573 1124 3616 se
1150 3575 1222 3618 cunr

152 3661 307 3722 Arvernis
331 3662 538 3743 coniungunt.

242 3838 274 3888 17
294 3839 403 3889 turones
428 3836 460 3902 S,
488 3839 640 3890 tursomnos
664 3856 691 3907 p,
720 3839 854 3889 tursirmos
878 3855 899 3887 π
936 3833 944 3906 ΙΙ
981 3834 1110 3889 Aulercos
1134 3839 1222 3903 ed.1;

151 3926 289 3980 auleurcos
310 3943 338 3992 “3
358 3925 516 3992 aulurcosd
552 3925 559 3997 lt
597 3928 630 3981 19
650 3927 797 3995 adiungunt
817 3945 834 3976 a
871 3924 878 3996 ll
921 3925 955 3977 22
974 3925 1051 3977 iussit
1070 3944 1087 3975 a
1129 3925 1137 3997 tt
1180 3944 1221 3980 ar-

150 4021 283 4069 matorum
308 4015 451 4069 Va'ellrober
488 4015 496 4087 ll
534 4015 567 4069 26
586 4017 646 4084 igne
667 4036 683 4067 u

239 4107 267 4160 ὃ.
287 4107 303 4160 6
322 4108 469 4173 possenta
508 4104 515 4175 Η
553 4107 594 4158 13.
617 4106 649 4156 14
668 4121 722 4156 una
741 4105 791 4172 ipsi
810 4122 844 4157 ex
863 4109 967 4172 partepl
1004 4102 1011 4175 ll
1050 4106 1082 4158 15
1102 4122 1220 4173 pronun-

150 4196 275 4248 tiauerint
292 4202 321 4261 pl,
340 4195 545 4262 pronuntiarunt
563 4194 619 4247 cdd.
658 4192 665 4264 Η
703 4196 735 4247 17
750 4195 980 4262 proponenduma
1018 4192 1026 4264 ll
1063 4210 1092 4247 se
1108 4212 1160 4248 om.
1176 4215 1194 4246 α
1212 4194 1221 4265 tt

151 4285 184 4339 18
202 4285 348 4353 iunguntur
367 4303 384 4334 α
