2806 4778
386 275 387 278 Ἴ
495 319 603 372 LIBER
621 319 671 372 ΙΙΙ.
692 318 766 372 CAP.
787 318 900 372 22-26.
1189 305 1231 365 73

119 505 146 546 ao
160 485 271 563 mavit,
290 483 370 564 quin
391 501 499 565 pugna
518 481 701 546 decertaret.
743 481 802 544 hac
822 499 856 543 re
875 481 912 543 ad
934 481 1102 543 consilium
1122 481 1262 562 delatae

162 591 215 653 ubi
240 609 350 653 omnes
373 590 458 654 idem
484 590 602 652 sentire
625 589 798 670 intellexit,
821 593 984 670 posterum
1001 588 1086 651 diem
1105 607 1232 670 pugnae

133 698 330 760 roonstituit.
377 697 485 760 Prima
514 696 587 758 loce
615 695 779 778 productis
808 696 955 759 omnibus
983 696 1082 778 copiis
1110 694 1231 778 duplici
1249 708 1290 762 24

160 805 227 868 acie
254 805 413 884 instituta,
446 803 574 866 auxiliis
602 803 637 865 in
665 802 803 865 mediam
832 803 933 865 aciem
965 803 1119 866 coniectis
1153 802 1230 884 quid

160 912 267 974 hostes
291 911 415 973 consilii
439 915 587 993 caperent
610 894 806 992 expectabat.
845 909 904 990 illi,
929 910 987 972 etsi
1006 914 1135 992 propter
1148 909 1261 971 mul-a

160 1017 332 1080 titudinem
356 1022 387 1080 et
409 1022 549 1081 veterem
574 1015 651 1080 belli
674 1015 808 1099 gloriam
831 1017 1089 1098 paucitatemque
1107 1021 1232 1078 nostro-

133 1144 235 1187 srnm
258 1143 292 1187 se
316 1128 384 1187 tuto
409 1123 614 1186 dimicaturos
638 1122 878 1204 existimabant,
907 1128 1014 1186 tamen
1037 1124 1137 1185 tutius
1161 1141 1232 1186 esse

161 1230 398 1293 arbitrabantur
421 1229 557 1294 obsessis
581 1231 642 1293 viis
666 1234 846 1293 commeatu
869 1230 1042 1294 intercluso
1067 1230 1137 1293 sine
1160 1230 1232 1292 vul-

160 1356 236 1400 nere
259 1337 392 1400 victoria
414 1338 522 1420 potiri,
552 1342 583 1400 et
610 1338 637 1400 si
660 1342 789 1419 propter
811 1338 952 1419 inopiam
981 1338 1028 1400 rei
1055 1337 1262 1400 frumenta-a

159 1445 227 1507 riae
249 1444 386 1507 Romani
410 1463 480 1509 sese
495 1445 635 1527 recipere
652 1445 844 1527 coepissent,
868 1444 1037 1527 impeditos
1053 1444 1085 1506 in
1104 1445 1231 1527 agmine

160 1556 191 1614 et
213 1550 272 1613 snb
297 1552 431 1615 sarcinis
453 1550 645 1614 infirmiores
669 1552 775 1614 animo
801 1551 918 1614 adoriri
942 1550 1130 1634 cogitabant.
1169 1553 1261 1614 hoca

117 1679 144 1720 ro
159 1658 290 1720 consiho
314 1657 446 1740 probato
475 1658 513 1721 ab
539 1657 676 1722 ducibus
699 1658 862 1740 productis
885 1657 1103 1721 Romanorum
1131 1659 1231 1740 copiis

159 1783 228 1828 sese
250 1766 362 1828 castris
385 1764 546 1829 tenebant.
593 1766 651 1827 hae
674 1783 710 1828 re
730 1770 895 1848 perspecta
911 1765 1057 1845 Crassus,
1081 1784 1154 1826 cum
1172 1784 1261 1827 suaa

160 1873 361 1936 minutatione
389 1877 486 1955 atque
510 1872 660 1954 opinione
684 1872 807 1935 timoris
832 1873 939 1935 hostes
962 1877 1087 1935 nostros
1110 1871 1231 1934 milites

160 1979 327 2042 alacriores
351 1978 391 2041 ad
414 1977 624 2062 pugnandum
648 1978 826 2042 effecissent
848 1983 944 2060 atque
968 1981 1232 2041 omnium‘vcces

159 2086 348 2149 audirentur
371 2087 532 2168 expectari
555 2085 675 2148 diutius
697 2104 764 2148 non
788 2091 945 2168 oportere,
971 2086 1051 2168 quin
1071 2084 1110 2148 ad
1127 2090 1232 2148 castra

116 2213 143 2254 ra
159 2193 272 2275 iretur,
300 2194 482 2256 cohortatus
510 2212 585 2256 suos
615 2191 762 2256 omnibus
790 2192 993 2276 cupientibus
1021 2193 1060 2255 ad
1089 2193 1230 2255 hostium

130 2321 141 2361 1
158 2304 261 2362 castra
284 2300 455 2363 contendit.
501 2300 553 2362 Ibi
569 2320 644 2363 cum
660 2299 714 2362 alii
729 2300 829 2362 fossas
846 2300 1053 2383 complerent,
1077 2300 1131 2363 alii
1147 2299 1230 2362 mul·
1247 2307 1288 2362 25

158 2407 198 2469 tis
222 2407 293 2470 telis
317 2408 468 2470 coniectis
492 2406 675 2470 defensores
697 2407 781 2476 vallo
805 2407 1102 2489 munitionibusque
1123 2407 1230 2490 depel-

157 2514 261 2577 lerent
284 2514 535 2596 auxiliaresque,
560 2513 678 2596 quibus
695 2514 733 2576 ad
746 2532 887 2597 pugnam
904 2533 966 2576 non
984 2514 1121 2576 multum
1138 2512 1230 2576 Cras-

159 2640 214 2683 sus
243 2619 436 2702 confidebat,
468 2619 627 2703 lapidibus
655 2621 792 2702 telisque
820 2620 1101 2684 subministrandis
1129 2625 1161 2683 et
1189 2621 1230 2682 ad

129 2747 142 2787 a
158 2747 307 2810 aggerem
324 2727 515 2809 caespitibus
531 2727 765 2811 comportandis
777 2728 917 2810 speciem
933 2734 1028 2808 atque
1045 2729 1230 2810 opinionem

156 2836 371 2918 pugnantium
394 2834 595 2917 praeberent,
620 2853 692 2896 cum
716 2835 793 2897 item
816 2834 856 2898 ab
879 2835 1024 2898 hostibus
1048 2839 1232 2897 constanter

158 2961 195 3003 ac
218 2961 284 3004 non
307 2941 417 3004 timide
433 2945 630 3023 pugnaretur
650 2941 776 3021 telaque
801 2960 843 3004 ex
858 2941 928 3004 loco
944 2942 1108 3023 superiore
1132 2941 1232 3002 missa

157 3067 223 3110 non
245 3047 363 3110 frustra
386 3047 578 3129 acciderent,
607 3048 731 3129 equites
754 3048 930 3110 circumitis
954 3047 1091 3110 hostium
1117 3047 1260 3109 castris?

158 3155 271 3218 Crasso
294 3157 560 3219 renuntiaverunt
587 3174 652 3218 non
682 3154 793 3217 eadem
817 3173 885 3217 esse
914 3153 1079 3237 diligentia
1106 3153 1145 3218 ab
1174 3154 1229 3218 de-

115 3280 142 3322 ro
157 3281 293 3324 cumana
320 3266 409 3344 porta
437 3267 540 3324 castra
567 3263 692 3324 munita
723 3261 914 3343 facilemque
948 3261 1069 3324 aditum
1103 3262 1227 3324 habere.

129 3367 291 3431 10rassus
319 3370 463 3449 equitum
491 3369 666 3451 praefectos
695 3369 888 3452 cohortatus,
920 3373 958 3431 ut
984 3369 1111 3452 magnis
1137 3389 1229 3452 prae·
1245 3371 1287 3426 26

247 3669 282 3724 20
300 3670 350 3723 hac
367 3677 396 3736 fl3
415 3685 446 3722 ac
464 3689 483 3720 a
520 3668 528 3740 ΗΗ
566 3669 710 3724 concilium
728 3677 746 3737 β

246 3776 291 3830 24.
312 3776 328 3828 ‘2
347 3776 472 3829 coniectis
491 3776 544 3843 o¹l3
564 3776 690 3830 conlectis
709 3777 740 3843 h,
759 3777 876 3831 collectis
896 3777 932 3844 af
963 3776 971 3848 ΗΗ
1009 3779 1024 3832 6
1044 3778 1100 3831 sine
1118 3785 1146 3845 β;
1171 3778 1230 3831 sinc

155 3865 210 3919 ullo
231 3885 248 3916 a
285 3864 293 3935 ΗΗ
329 3866 430 3932 8εθβ
466 3863 473 3936 ΗΗ
510 3865 703 3920 9infirmiores
722 3866 809 3920 animo
828 3866 959 3934 Kottnlm
979 3867 1122 3920 infirmiore
1141 3867 1230 3920 animo

158 3974 187 4018 ας
210 3955 335 4009 inferiore
358 3954 445 4008 animo
464 3961 493 4021 (33
519 3955 569 4008 del.
588 3954 663 4008 Paul
699 3954 707 4026 ΗΗ
745 3955 779 4010 10
802 3963 857 4022 ad
893 3956 901 4027 ΗΗ
939 3956 972 4008 12
994 3957 1097 4010 timoris
1123 3956 1231 4024 Steph.;

155 4044 301 4098 timidiores
319 4043 350 4097 X
384 4042 392 4114 ΗΗ
431 4043 464 4096 13
483 4044 617 4097 effecisset
634 4051 651 4110 β

245 4152 291 4206 ⁶25.
313 4154 326 4204 1
347 4151 383 4205 ibi
403 4169 433 4216 ας
452 4150 497 4203 uhi
514 4158 532 4218 β
568 4149 576 4221 ΗΗ
612 4168 672 4203 cum
692 4151 796 4217 alliot,
820 4159 917 4218 cumr]
953 4151 960 4222 ΗΗ
997 4153 1066 4206 lad
1086 4168 1138 4203 om.
1162 4150 1201 4217 Op
1220 4149 1231 4221 Η

154 4242 173 4295 8
192 4241 342 4295 acciderent
359 4248 388 4309 fl,
407 4242 584 4310 accederetnt)
604 4262 621 4294 a
658 4239 666 4311 ΗΗ
702 4242 719 4295 9
738 4242 925 4296 renuntiarunt
942 4249 959 4302 β
