2806 4778
477 347 585 401 LIBER
603 347 664 401 VII.
684 346 760 400 CAP.
780 348 903 402 49-53.
1162 333 1224 395 191

154 530 212 593 pro
237 509 380 573 subsidio
403 494 498 592 paulo
529 512 678 592 aequiore
708 511 777 573 loco
809 512 999 574 constiterat.
1045 511 1127 573 hano
1155 531 1257 576 rur-a

126 637 211 682 asus
238 615 330 679 XIII.
354 617 489 699 legionis
518 617 667 682 cohortes.
690 622 898 699 exceperunt,
932 636 1013 699 quae
1047 635 1086 679 ex
1115 619 1227 681 castris

155 723 338 787 minoribus
361 725 494 788 eductae
523 743 597 787 cum
624 724 655 786 T.
680 722 790 787 Sextio
818 725 923 805 legato
947 730 1096 807 ceperant
1119 724 1226 788 locum

155 832 363 913 superiorem.
411 831 566 914 legiones,
600 831 656 893 ubi
683 832 823 913 primum
851 831 1016 914 planitiem
1044 832 1256 914 attigerunte

155 938 281 1000 infestis
309 943 420 1001 contra
447 939 569 1001 hostem
597 939 697 1021 siguis
721 940 940 1001 constiterunt.
978 938 1254 1022 Vercingetorixr

156 1044 196 1107 ab
221 1044 383 1107 radicibus
406 1045 496 1107 collis
519 1065 594 1108 suos
617 1045 704 1108 intra
725 1046 920 1108 munitiones
940 1045 1077 1108 reduxit.
1116 1064 1152 1108 eo
1174 1046 1226 1108 die

109 1164 141 1217 '10
155 1152 275 1214 milites
299 1156 375 1215 sunt
397 1151 492 1235 paulo
516 1153 623 1214 minus
645 1149 726 1214 Duc
750 1151 926 1215 desiderati.

127 1281 140 1322 1
245 1257 377 1322 Postero
402 1259 454 1322 die
471 1258 585 1322 Caesar
605 1260 753 1322 contione
770 1259 921 1322 advocata
941 1259 1150 1322 temeritatem
1170 1279 1225 1322 cu-
1243 1272 1283 1326 52

156 1365 388 1448 piditatemque
411 1366 549 1429 militum
572 1365 786 1448 reprehendit,
816 1365 901 1448 quod
929 1366 990 1429 sibi
1017 1367 1077 1448 ipsi
1105 1367 1225 1429 iudica-

155 1473 289 1555 vissent,
320 1492 383 1554 quo
411 1472 650 1556 procedendum
678 1476 733 1534 aut
762 1471 839 1554 quid
867 1473 1026 1555 agendum
1054 1474 1224 1555 videretur,

156 1597 263 1661 neque
286 1581 378 1662 signo
401 1579 580 1662 reeipiendi
603 1579 675 1642 dato
695 1580 911 1642 constitissent
930 1598 1036 1660 neque
1053 1600 1072 1641 a
1087 1580 1225 1643 tribunis

127 1686 295 1750 amilitum
319 1685 497 1769 legatisque
519 1687 650 1750 retineri
673 1686 857 1769 potuissent.
897 1687 1057 1768 exposuit,
1083 1686 1160 1768 quid
1175 1687 1255 1748 ina

155 1793 275 1874 iquitas
297 1793 361 1855 loci
382 1798 503 1875 posset,
527 1793 612 1876 quod
629 1794 696 1875 ipse
713 1793 754 1854 ad
770 1793 946 1855 Avaricum
962 1793 1126 1872 sensisset,
1150 1812 1225 1854 cum
1333 1819 1337 1827 ·

157 1900 226 1962 siue
243 1899 324 1962 duce
347 1904 379 1963 et
394 1900 463 1963 sine
480 1901 626 1981 equitatu
642 1898 847 1982 deprehensis
863 1899 1007 1962 hostibus
1028 1899 1225 1981 exploratam

156 2006 322 2068 victoriam
338 2006 524 2089 dimisisset,
541 2026 581 2070 ne
597 2026 730 2089 parvum
747 2006 842 2068 modo
860 2005 1084 2069 detrimentum
1100 2006 1134 2066 in
1151 2024 1225 2067 eon-

156 2113 298 2176 tentione
320 2118 450 2196 propter
464 2114 666 2195 iniquitatem
689 2114 751 2176 loci
776 2112 939 2176 accideret.
987 2118 1105 2195 quanto
1130 2131 1255 2194 operes

115 2240 142 2282 ro
157 2237 267 2282 eorum
292 2220 391 2282 animi
410 2221 665 2302 magnitudinem
684 2220 905 2302 admiraretur,
930 2238 1010 2300 quos
1025 2239 1091 2282 non
1107 2225 1224 2282 castro-

156 2346 228 2388 rum
252 2327 459 2408 munitioneS,
488 2346 552 2389 non
578 2327 710 2390 altitudo
735 2328 865 2406 montis,
894 2346 963 2400 non,
981 2347 1093 2390 murus
1117 2326 1225 2410 oppidi

156 2432 280 2495 tardare
307 2435 473 2516 potuisset,
506 2438 593 2495 tanto
627 2452 721 2516 opere
754 2432 915 2496 licentiam
948 2435 1225 2517 arrogantiamque

155 2540 399 2623 reprehendere,
425 2541 511 2622 quod
531 2541 603 2624 plus
625 2559 658 2604 se
680 2559 775 2622 quam
797 2542 1019 2622 imperatorem
1037 2541 1076 2604 de
1093 2542 1225 2603 victoria

156 2650 250 2728 atque
275 2647 365 2710 exitu
387 2666 494 2710 rerum
520 2649 637 2710 sentire
661 2648 897 2726 existimarent,
926 2666 986 2710 nec
1014 2649 1121 2710 minus
1149 2667 1182 2711 se
1207 2667 1253 2708 aa

115 2773 142 2815 15
156 2755 257 2816 milite
285 2753 472 2816 modestiam
505 2759 536 2817 et
568 2755 796 2817 continentiam
826 2774 922 2836 quam
950 2755 1100 2816 virtutem
1128 2759 1224 2835 atque

129 2861 255 2922 ranimi
277 2861 533 2943 magnitudinem
558 2861 746 2924 desiderare.
792 2859 862 2923 Hae
886 2860 992 2923 habita
1020 2861 1167 2923 contione
1192 2865 1225 2922 et
1241 2871 1282 2926 53

150 2968 196 3039 ¹ad
220 2973 400 3031 extremum
420 2966 585 3050 [oratione]
607 2966 801 3030 confirmatis
824 2966 990 3047 militibus,
1014 2984 1055 3027 ne
1080 2966 1119 3029 ob
1142 2967 1224 3029 hanc

156 3094 284 3138 oausam
301 3075 407 3137 animo
428 3080 692 3158 permoverentur
706 3093 772 3137 neu
789 3074 875 3154 quod
891 3073 1043 3155 iniquitas
1063 3073 1126 3136 loci
1142 3078 1225 3136 attu-

155 3181 257 3263 lisset,
279 3181 314 3243 id
330 3182 443 3244 virtuti
458 3182 598 3244 hostiiun
621 3181 810 3263 tribuerent,
834 3180 943 3243 eadem
967 3180 1007 3244 de
1030 3179 1226 3263 profectione

128 3289 311 3371 acogitans,
341 3308 423 3371 quae
451 3294 524 3351 ante
552 3293 707 3370 senserat,
735 3288 877 3371 legiones
905 3305 945 3349 ex
974 3289 1085 3349 castris
1111 3287 1228 3350 eduxit

245 3517 368 3572 blooum
388 3520 547 3586 ceperantfl
583 3516 591 3589 ΗΗ
628 3517 754 3572 8hostes
774 3537 791 3569 α
827 3516 835 3587 ΗΗ
873 3516 907 3571 10
925 3516 1034 3584 paulum
1055 3535 1072 3568 a
1109 3514 1117 3587 ΗΗ
1154 3516 1226 3569 mili·

155 3609 195 3661 tes
213 3606 293 3675 paulo
311 3607 399 3660 minua
419 3606 503 3660 hcc.
523 3610 585 3660 sunt
603 3606 685 3660 desid.
704 3613 721 3674 β

243 3714 290 3768 52.
311 3716 334 3766 1.
355 3714 371 3766 2
390 3713 504 3767 mihtum
523 3713 782 3783 cupiditatemquefl
817 3712 825 3783 ΗΗ
862 3713 887 3766 2.
907 3714 923 3766 3
942 3713 1103 3767 iudicassent
1122 3732 1144 3764 a
1171 3711 1180 3784 ΗΗ
1206 3713 1228 3765 4

155 3803 215 3857 dato
234 3802 413 3874 reeipiendip
451 3802 458 3874 ΗΗ
495 3804 528 3858 ab
548 3823 565 3854 a
602 3802 610 3874 ΗΗ
648 3803 839 3871 bexpositoss
876 3801 884 3874 ΗΗ
920 3803 1025 3871 6quod
1043 3802 1101 3870 ipse
1124 3802 1224 3867 Va'elh.;

154 3891 217 3960 quid
236 3892 294 3960 ipse
312 3891 342 3944 X
376 3891 384 3962 ΗΗ
421 3908 482 3945 cum
502 3911 532 3960 a,
552 3893 657 3960 quodfl
692 3891 700 3963 ΗΗ
737 3891 927 3959 9aociperetfl
962 3889 970 3962 ΗΗ
1008 3893 1198 3959 quantoperep
1216 3888 1228 3960 ΗΗ

155 3982 189 4036 10
208 3996 274 4050 quos
292 3987 321 4048 βς
346 3982 417 4050 quod
436 4001 452 4033 a
494 3980 502 4054 ΗΗ
544 3981 577 4033 12
596 3983 733 4048 tantopere
751 3980 769 4048 s
804 3979 813 4051 ΗΗ
860 3981 893 4033 14
911 3997 961 4035 nee
980 3999 1010 4048 a,
1032 3986 1119 4047 nonu
1159 3977 1168 4049 ΗΗ
1209 3995 1226 4032 a

153 4070 295 4138 Beroald3
313 4070 346 4124 ab
367 4089 397 4138 a,
415 4071 478 4138 inss
514 4069 522 4142 ΗΗ
560 4072 592 4125 15
612 4072 639 4124 et
657 4070 845 4124 continentiam
864 4086 916 4122 om.
936 4076 953 4136 β

243 4178 290 4234 53.
311 4178 327 4231 2
346 4178 379 4231 ad
398 4180 549 4232 extremum
568 4177 684 4231 oratione
701 4185 731 4245 β;
750 4177 783 4230 ad
796 4178 942 4230 extremam
957 4176 1101 4230 orationem
1116 4195 1147 4239 a;
1165 4191 1227 4230 ora-

153 4267 225 4322 tione
244 4267 294 4321 del.
319 4267 408 4322 Clark.
447 4266 455 4338 ΗΗ
491 4267 621 4321 4ui1tuti
639 4267 756 4321 hostium
776 4284 805 4333 c,
824 4266 929 4332 hostia
966 4263 973 4336 ΗΗ
1010 4267 1095 4333 beo
