2806 4778
478 279 585 332 LIBER
602 280 678 333 VIII.
698 280 774 337 eAP.
792 281 912 334 19-23.
1165 265 1227 328 231

161 441 310 505 omnibus
339 442 492 523 adversis,
520 441 659 526 [cognita
686 443 882 527 calamitate]
911 444 1074 508 interfecto
1105 442 1229 526 Correo,

118 575 146 617 ro
160 549 278 612 amisso
307 550 451 630 equitatu
483 555 515 612 ct
541 549 719 613 fortissimis
746 550 920 634 peditibus,
953 570 1028 613 cum
1056 550 1228 614 adventare

160 655 322 719 Romanos
355 657 584 737 existimarent,
619 658 755 720 concilio
788 662 917 739 repente
949 663 1044 721 cantu
1078 657 1228 721 tubarum

160 767 336 826 convocato
359 763 570 844 conclamant,
590 763 685 846 legati
707 763 896 845 obsidesque
915 763 956 827 ad
973 763 1140 828 Caesarem
1157 766 1228 828 mit·

132 874 278 938 itantur.
324 868 396 932 Hoc
419 870 568 933 omnibus
591 869 721 953 probato
751 871 883 933 consilio
908 870 1069 934 Commius
1092 870 1229 935 Atrebas
1247 878 1282 932 21

162 977 202 1038 ad
225 995 279 1040 eos
303 977 444 1059 confugit
461 977 647 1057 Germanos
671 976 824 1059 aquibus
848 978 889 1042 ad
911 976 943 1039 id
965 976 1085 1040 bellurn
1106 979 1229 1042 auxilia

163 1087 325 1146 mutuatus
349 1088 422 1147 erat.
462 1085 559 1147 ceteri
583 1085 755 1167 evestigio
779 1085 910 1147 mittunt
932 1085 972 1147 ad
994 1083 1160 1147 Caesarem
1184 1085 1256 1150 le-2

165 1195 253 1273 gatos
267 1196 455 1273 petuntque,
479 1196 515 1253 ut
533 1211 571 1254 ea
589 1211 691 1274 poena
710 1193 751 1255 sit
770 1196 938 1254 contentus
954 1191 1107 1274 hostium,
1132 1211 1227 1274 quam

137 1299 194 1364 asi
216 1298 280 1361 sine
310 1297 515 1360 dimicatione
542 1298 658 1362 inferre
686 1300 820 1381 integris
848 1303 967 1382 posset,
996 1318 1052 1381 pro
1080 1318 1139 1362 sua
1167 1300 1229 1362 cle·

164 1405 280 1467 mentia
303 1410 398 1487 atque
421 1405 619 1469 humanitate
642 1424 820 1487 numquam
845 1405 983 1488 profecto
1008 1410 1091 1468 esset
1112 1406 1159 1468 inl
1180 1411 1229 1468 tu·

162 1530 225 1574 rus.
271 1511 413 1575 adflictas
442 1531 517 1594 opes
550 1514 690 1594 equestri
723 1512 844 1594 proelio
873 1511 1117 1576 Bellovacorum
1145 1532 1256 1593 esse33

163 1618 356 1681 delectorum
384 1618 530 1701 peditum
557 1619 658 1681 multa
684 1619 774 1681 milia
800 1620 963 1701 interisse,
991 1620 1049 1682 vix
1073 1620 1228 1702 refugisse

161 1727 292 1788 nuntios
316 1726 428 1789 caedis
475 1746 628 1808 magnum
657 1732 775 1807 tamen,
803 1731 840 1789 ut
866 1726 903 1788 in
926 1731 1014 1789 tanta
1042 1727 1257 1808 calamitate‚4

118 1855 147 1896 10
160 1831 349 1895 Bellovacos
377 1852 414 1896 eo
442 1833 561 1916 proelio
590 1834 794 1896 commodum
822 1851 891 1896 csse
914 1838 1114 1914 consecutos,
1143 1832 1229 1915 quod

162 1937 312 2020 (lomene,
336 1946 445 2002 auctor
467 1939 555 2021 belli,
580 1940 754 2002 concitator
776 1939 1005 2021 multitudinis
1030 1944 1113 2002 osset
1132 1940 1229 2001 inter-

160 2046 270 2108 fectus.
317 2066 492 2128 numquam
521 2048 607 2108 enim
634 2051 779 2110 senatum
806 2051 928 2110 tantum
957 2047 991 2108 in
1018 2047 1144 2109 civitate
1172 2046 1227 2108 illo

133 2153 235 2217 rviro
262 2159 418 2234 quantum
444 2155 624 2237 imperitam
651 2153 777 2236 plebem
804 2155 952 2237 potuisse.
999 2153 1088 2217 Haec
1112 2155 1229 2216 oranti·
1246 2166 1282 2222 aa

160 2258 221 2322 bus
241 2261 354 2344 legatis
376 2266 600 2324 commemorat
614 2259 743 2324 Caesar:
769 2261 882 2324 eodem
901 2266 1042 2342 tompore
1065 2262 1228 2342 superiore

161 2387 245 2429 anno
280 2367 466 2430 Bellovacos
501 2373 684 2448 ceterasque
721 2366 839 2431 Galliae
874 2368 1016 2431 civitates
1052 2367 1228 2451 suscepisse

161 2473 293 2552 bellum3
323 2475 573 2557 pertinacissime
596 2476 653 2538 hos
681 2493 723 2537 ex
746 2475 894 2537 omnibus
922 2475 957 2535 in
971 2475 1137 2544 ,sententia
1159 2493 1228 2557 per-

133 2582 314 2644 emansisse
342 2601 446 2664 noque
476 2581 516 2643 ad
544 2582 711 2645 sanitatem
743 2582 942 2664 reliquorum
970 2581 1131 2645 deditione
1160 2599 1228 2644 esso

163 2687 336 2768 perductos.
383 2689 464 2751 scire
489 2693 583 2770 atque
607 2689 792 2770 intellegere
821 2707 854 2751 se
883 2707 1010 2750 causam
1038 2688 1160 2771 peccati
1184 2689 1256 2750 faa

163 2792 278 2856 cillime
306 2796 439 2857 mortuis
468 2795 614 2876 delegari.
661 2795 823 2857 neminem
846 2813 920 2856 vero
949 2799 1072 2856 tantum
1100 2794 1228 2877 pollere,

163 2904 199 2962 ut
224 2902 332 2964 invitis
359 2901 572 2984 principibus,
604 2903 769 2964 resistente
797 2905 921 2980 senata,
954 2900 1104 2963 omnibus
1137 2900 1228 2963 bonis

160 3007 410 3091 repugnantibus
442 3007 568 3070 infirma
599 3027 698 3070 manu
729 3007 830 3090 plebis
863 3007 981 3070 bellum
1010 3007 1170 3069 concitare
1198 3012 1229 3070 et

122 3134 149 3176 ro
161 3134 270 3198 gerere
296 3121 409 3198 posset.
457 3115 513 3178 sed
540 3120 646 3178 tamen
679 3133 713 3177 se
741 3119 926 3177 contentum
958 3114 1024 3176 fore
1054 3133 1090 3176 ea
1117 3131 1228 3196 poena,

134 3241 258 3304 iquam
280 3222 341 3284 sibi
364 3222 426 3305 ipsi
450 3223 690 3285 contraxissent.
732 3221 832 3285 Nocte
855 3221 1038 3303 insequenti
1061 3220 1157 3304 legati
1180 3240 1229 3284 re·
1246 3233 1284 3289 23

161 3347 278 3411 sponsa
306 3329 346 3391 ad
369 3348 445 3391 suos
468 3329 623 3411 referunt,
653 3329 779 3391 obsides
807 3327 987 3391 conficiunt.
1035 3333 1229 3391 concurrunt

161 3435 358 3516 reliquarum
385 3436 550 3498 civitatum
576 3436 686 3518 legati,
716 3454 796 3518 quae
818 3435 1063 3498 Bellovacorum
1086 3435 1228 3518 specula-

250 3611 390 3678 9cognita
408 3610 557 3665 calamitate
580 3612 630 3664 dal.
650 3610 751 3664 Fuere.
788 3612 797 3679 ll
833 3612 926 3666 corbeo
946 3630 963 3662 α
1000 3612 1009 3680 ll
1047 3610 1229 3679 rangario

161 3699 266 3753 obsides
284 3707 302 3766 β
333 3700 341 3767 ll
375 3698 416 3751 12.
438 3701 470 3753 13
491 3700 632 3754 mittuntur
650 3719 672 3770 φ

249 3789 295 3843 21.
317 3790 330 3841 1
350 3789 408 3842 Hoc
427 3790 534 3843 consilio
554 3790 676 3843 omnibus
696 3789 802 3858 probato
820 3795 837 3855 β
869 3789 878 3857 ll
910 3789 925 3841 2
945 3805 989 3842 eos
1008 3805 1148 3858 germanos
1168 3805 1228 3856 per·

160 3877 263 3945 fugitfl
294 3877 303 3946 ll
335 3879 359 3930 2.
380 3881 395 3932 3
415 3896 430 3931 a
449 3878 544 3946 quibus
564 3881 620 3932 erat
638 3881 671 3932 ad
690 3878 791 3932 ballum
810 3877 907 3931 auxilia
926 3880 1098 3944 mutuatusd
1130 3878 1138 3945 ll
1171 3879 1227 3931 ol

160 3966 291 4020 inlaturus
310 3970 416 4035 essetfi
447 3969 455 4037 ll
489 3968 680 4034 7Adfectasfl
711 3970 720 4033 ΙΙ
752 3968 1017 4036 9Tamenmagnum
1032 3987 1048 4018 o
1081 3969 1089 4031 ll
1123 3966 1156 4020 10
1170 3981 1228 4020 esse

161 4063 250 4123 cuod
281 4056 289 4124 ΙΙ
323 4058 354 4109 11
375 4056 485 4110 corbens
505 4075 523 4107 α
554 4057 563 4124 ll
595 4056 783 4123 conciliatorss

249 4145 296 4200 22.

250 4234 620 4292 emendationum
652 4236 660 4304 ll
693 4251 761 4304 quae
778 4241 807 4302 β;
827 4234 871 4303 qui
891 4233 928 4301 uf
