2806 4778
175 328 238 390 186
575 341 680 395 BELLI
699 341 841 396 GALLICI

174 505 310 568 stionem
333 505 372 568 de
393 504 485 568 bonis
506 504 638 586 direptis
655 505 846 584 decernunt,
869 503 1025 567 Litavicci
1047 503 1250 586 fratrumque

173 610 259 673 bona
280 611 458 694 publicant,
486 611 607 693 legatos
630 610 670 672 ad
695 610 860 674 Caesarem
884 611 1044 694 purgandi
1071 612 1126 674 sui
1149 612 1273 695 gratias

142 719 313 784 amittunt.
354 718 432 781 haeo
451 718 571 781 faciunt
589 718 879 801 recuperandorum
902 737 1035 781 suorum
1056 737 1170 797 oausa;
1196 718 1248 782 sed

174 827 382 888 contaminati
405 825 544 888 facinore
569 830 600 888 et
623 825 705 906 capti
729 824 917 908 compendio
934 844 975 888 ex
991 825 1127 907 direptis
1148 825 1249 907 bonis,

174 932 260 1013 quod
289 951 326 995 ea
354 951 403 995 res
427 931 467 994 ad
490 932 607 994 multos
632 930 821 1013 pertinebat,
850 937 881 994 et
905 933 1020 995 timore
1043 951 1169 1014 poenae
1196 951 1249 996 ex·

174 1040 276 1102 territi
300 1039 433 1102 consilia
456 1039 537 1100 olam
562 1039 601 1101 de
625 1037 708 1101 bello
737 1039 819 1101 inire
847 1039 1007 1121 incipiunt
1034 1040 1247 1122 civitatesque

142 1146 313 1228 areliquas
335 1145 549 1228 legationibus
573 1145 753 1209 sollicitant.
800 1164 883 1227 quae
906 1147 1033 1208 tametsi
1057 1145 1178 1209 Caesar
1201 1147 1281 1210 in-ro

173 1252 353 1334 allegebat,
377 1258 483 1316 tamen
508 1272 604 1333 quam
628 1253 796 1316 mitissime
819 1258 924 1335 potest
946 1253 1069 1335 legatos
1094 1255 1245 1337 appellat:

174 1359 253 1420 nihil
278 1377 312 1421 se
335 1365 463 1443 propter
485 1361 684 1423 inscientiam
708 1360 934 1443 levitatemque
951 1360 1041 1442 vulgi
1056 1361 1193 1443 gravius
1210 1361 1247 1424 de

174 1466 302 1527 civitate
326 1466 467 1530 iudicare
494 1485 601 1548 neque
630 1467 668 1529 de
697 1486 755 1529 sua
783 1468 815 1528 in
840 1466 993 1530 Haeduos
1021 1466 1246 1530 benevolentia

143 1571 368 1640 adenrinuere.
414 1574 481 1656 ipse
509 1575 660 1636 maiorem
689 1572 808 1637 Galliae
837 1578 960 1637 motum
988 1579 1177 1657 expectans,
1206 1594 1245 1638 ne

144 1698 146 1708 ·
174 1678 213 1741 ab
244 1681 392 1743 omnibus
423 1680 607 1744 civitatibus
640 1681 941 1762 circumsisteretur,
974 1681 1110 1744 consilia
1138 1681 1280 1764 inibatu

174 1805 269 1868 quem
294 1787 333 1850 ad
356 1789 487 1851 modum
507 1808 525 1850 a
542 1787 701 1871 Gergovia
724 1787 897 1851 discederet
920 1807 956 1850 ao
979 1808 1092 1852 rursus
1119 1808 1245 1852 omnem

173 1895 353 1958 exereitum
382 1897 594 1976 contraheret,
627 1915 668 1958 ne
696 1896 848 1978 profectio
877 1901 953 1959 nata
979 1895 1019 1958 ab
1047 1897 1164 1960 timore
1192 1897 1245 1959 de

173 2001 317 2064 fectionis
341 2002 520 2085 similisque
542 2003 635 2085 fugae
659 2003 829 2065 videretur.
914 1983 918 1990 ¹

114 2126 154 2178 44
262 2107 350 2171 Haeo
366 2111 519 2192 cogitanti
534 2110 677 2172 accidere
692 2110 761 2173 visa
777 2115 825 2173 est
838 2109 972 2173 facultas
987 2109 1071 2173 bene
1087 2111 1244 2193 gerendae
1257 2131 1267 2172 1

174 2217 228 2277 rei.
268 2235 342 2277 nam
366 2235 437 2278 oum
464 2217 497 2277 in
522 2218 644 2278 minora
666 2221 769 2280 castra
790 2217 893 2299 operis
915 2217 1126 2299 perspiciendi
1151 2237 1244 2281 causa

173 2323 325 2403 venisset,
354 2323 577 2386 animadvertit
600 2322 727 2405 collem,
757 2325 813 2405 qui
836 2323 875 2386 ab
899 2322 1043 2387 hostibus
1068 2324 1243 2406 tenebatur,

174 2427 330 2490 nudatum
346 2429 542 2510 hominibus
562 2433 617 2512 qui
634 2430 849 2514 superioribus
866 2430 981 2494 diebus
998 2431 1054 2492 vix
1069 2451 1147 2514 prae
1163 2432 1243 2494 mul-

145 2534 313 2600 atitudine
332 2537 418 2597 cerni
437 2542 567 2618 poterat.
608 2538 782 2601 admiratus
801 2539 926 2620 quaerit
947 2556 989 2600 ex
1006 2538 1151 2621 perfugis
1171 2557 1266 2602 cau-s

173 2661 255 2721 sam,
280 2660 416 2723 quorum
436 2663 572 2725 magnus
593 2644 633 2706 ad
654 2662 727 2708 eum
745 2645 860 2708 cotidie
879 2662 1033 2707 numerus
1052 2644 1242 2709 confluebat

141 2748 338 2816 aoonstabat
359 2750 443 2813 inter
467 2770 590 2832 omnes,
619 2751 702 2832 quod
733 2753 796 2813 iam
824 2752 891 2834 ipse
917 2750 1031 2814 Caesar
1052 2769 1111 2834 per
1133 2753 1242 2835 explo-

173 2861 291 2918 ratores
315 2863 520 2940 oognoverat,
545 2858 674 2922 dorsum
698 2877 766 2921 esse
789 2859 858 2920 eius
881 2859 949 2940 iugi
972 2876 1071 2940 prope
1095 2878 1242 2941 aequum,

172 2963 227 3026 sed
257 2964 400 3027 silvestre
429 2969 460 3027 et
487 2971 670 3047 angustum,
703 2985 767 3047 qua
795 2971 877 3028 esset
904 2965 1009 3028 aditus
1043 2964 1083 3027 ad
1111 2964 1241 3030 alteram

140 3076 294 3153 apartem
318 3071 441 3154 oppidi3
466 3072 671 3135 vehementer
693 3073 768 3135 huic
787 3071 860 3135 illos
879 3072 948 3135 loco
969 3074 1080 3135 timore
1100 3091 1160 3135 noo
1179 3074 1241 3134 iam
1256 3090 1278 3131 ro

173 3177 264 3240 aliter
286 3179 403 3242 sentire
432 3198 496 3241 uno
521 3179 602 3241 colle
626 3179 664 3242 ab
688 3178 840 3243 Romanis
869 3184 1021 3262 oooupato
1050 3180 1077 3242 si
1106 3179 1240 3244 alterum

173 3284 365 3365 amisissent,
391 3287 468 3366 quin
491 3305 592 3368 paene
611 3286 842 3350 circumvallati
867 3291 962 3368 atque
986 3287 1074 3348 omni
1098 3287 1189 3349 exitu
1214 3291 1243 3349 et

141 3390 376 3473 opabulatione
409 3393 572 3456 interclusi
602 3393 792 3456 riderentur.
839 3393 879 3455 ad
912 3393 998 3456 huno
1030 3393 1241 3457 muniendum

263 3618 398 3673 blitauioi
417 3620 472 3689 S(f)
505 3621 514 3690 ΙΙ
546 3622 622 3675 5sui
641 3623 770 3691 purgandi
790 3642 807 3674 a
839 3622 848 3691 ll
880 3623 991 3677 doausa
1009 3630 1155 3691 suorump
1186 3623 1195 3691 ll
1225 3623 1242 3677 8

171 3707 227 3778 (et)
248 3708 318 3776 quod
336 3708 411 3762 Paul
441 3715 450 3777 tt
483 3713 509 3764 ot
527 3728 580 3764 om.
601 3730 630 3779 a3
650 3711 725 3764 Poal
755 3711 764 3780 ll
797 3711 831 3764 12
850 3711 1026 3766 etleuitatem
1038 3710 1114 3781 uulgi
1126 3718 1145 3779 β
1172 3710 1180 3783 ll
1210 3713 1242 3766 15

169 3796 325 3850 ciuitatibus
344 3806 431 3866 onass
463 3801 471 3868 lt
505 3801 537 3854 16
558 3817 573 3853 a
592 3818 625 3869 ‹p3
645 3801 678 3854 ab
686 3820 718 3869 χ;
738 3808 827 3868 onafi
858 3801 867 3866 tl
900 3803 932 3854 17
947 3801 1102 3855 contrahere
1118 3821 1136 3853 a
1169 3802 1178 3870 tt
1209 3817 1242 3855 ne

169 3887 211 3954 X3
231 3902 280 3940 neo
298 3886 413 3941 Nitsebe
445 3889 453 3957 tt
485 3904 501 3941 a
518 3896 535 3956 β
566 3889 575 3957 tl
608 3888 641 3941 18
660 3906 712 3957 que
731 3907 783 3943 om.
805 3910 822 3942 a

260 3997 307 4050 44.
330 3997 352 4047 1.
373 3994 389 4047 2
408 3995 475 4048 bene
494 3996 532 4048 rei
550 3997 680 4064 gerendae
694 4017 711 4048 a
743 4000 751 4067 ΙΙ
784 3997 1016 4066 2prospioiendifl
1047 3998 1056 4067 [Ι
1089 3998 1243 4052 3animum

166 4084 287 4137 aduertit
305 4083 342 4137 ob
374 4084 382 4153 tl
415 4086 572 4153 5potuerat
590 4084 652 4137 HM
679 4086 688 4154 tt
720 4086 831 4140 miratus
850 4087 925 4140 Paul
960 4087 975 4156 ll
1003 4087 1087 4141 9sed
1106 4087 1179 4142 huno
1198 4088 1243 4142 sil·

171 4176 288 4227 uestram
304 4175 330 4227 et
350 4193 367 4225 a
394 4173 403 4243 tt
428 4174 461 4229 10
480 4175 569 4243 oppidi
586 4176 725 4242 partemfi
747 4176 755 4245 tt
777 4176 841 4230 huic
859 4175 917 4230 loco
937 4176 1113 4231 uehementer
1130 4177 1192 4233 illos
1210 4178 1244 4232 ti-

167 4270 280 4331 merept
310 4265 319 4333 [t
352 4265 384 4316 11
404 4271 455 4331 aa
486 4265 495 4334 tl
529 4264 562 4317 12
580 4263 742 4334 amisissent,
762 4281 815 4318 non
834 4265 948 4320 dubitari
966 4265 1064 4334 quinfl
