2806 4778
248 359 311 420 212
648 371 754 425 BELLI
773 370 915 424 GALLICI

192 544 227 597 81
247 541 370 618 sperata
398 554 431 597 se
463 537 496 596 in
527 534 678 617 oppidum
705 539 902 617 receperunt.
950 532 1023 595 Une
1052 532 1106 594 die
1135 533 1339 597 intermissor

248 642 331 704 Galli
354 648 449 723 atque
477 643 536 704 hoc
565 643 664 723 spatio
693 660 808 723 magno
833 642 979 722 cratium,
1008 640 1182 721 scalarum,
1209 640 1317 723 harpa-

246 768 365 832 gonum
399 767 531 811 munero
565 748 674 810 effecto
706 747 813 810 media
843 752 936 810 nocte
970 747 1098 810 silentio
1133 765 1176 809 ex
1210 749 1317 810 eastris

219 857 366 938 aegressi
394 856 435 919 ad
464 860 656 938 campestres
685 855 879 918 munitiones
908 853 1073 916 accedunt.
1121 853 1229 917 subito
1257 854 1317 917 ela-

248 982 335 1026 more
358 963 496 1044 sublate,
520 982 584 1044 qua
607 960 840 1043 significatione
861 962 916 1042 qui
940 961 974 1022 in
991 959 1107 1043 oppido
1128 960 1339 1024 obsideban-e

246 1076 299 1133 tur
327 1069 366 1133 de
394 1090 452 1133 suo
482 1069 623 1132 adventu
650 1087 841 1150 cognoscere
868 1072 1011 1151 possent,
1040 1071 1143 1131 crates
1166 1069 1316 1150 proicere,

245 1177 366 1259 fundis,
394 1178 529 1258 sagittis,
557 1175 716 1259 lapidibus
738 1180 864 1238 nostros
887 1174 926 1237 de
948 1175 1033 1238 vallo
1057 1174 1249 1259 proturbare
1271 1194 1316 1239 re

246 1283 412 1365 liquaque,
437 1302 518 1365 quae
542 1283 583 1345 ad
606 1283 875 1365 oppugnationem
891 1284 1065 1365 pertinent,
1088 1286 1205 1365 parant
1220 1282 1316 1345 admi-

218 1414 232 1454 e
247 1391 389 1451 nistrare.
418 1389 530 1452 eedem
547 1394 688 1471 tempore
705 1389 841 1451 clamore
858 1389 1008 1452 exaudito
1025 1388 1080 1453 dat
1095 1389 1173 1453 tuba
1189 1390 1316 1472 signum

218 1520 232 1560 4
246 1496 312 1558 suis
326 1494 570 1580 Vercingetorix
593 1500 688 1578 atque
710 1515 751 1558 ex
768 1496 882 1579 oppido
904 1495 1018 1559 educit.
1053 1497 1157 1559 nostri
1172 1500 1212 1558 ut
1226 1515 1349 1578 supe-10

245 1602 384 1665 rioribus
408 1603 520 1666 diebus
543 1622 621 1666 suus
642 1600 759 1684 eoique
780 1607 847 1665 erat
866 1603 956 1666 locus
977 1602 1163 1684 attributus,
1187 1603 1229 1666 ad
1249 1622 1315 1665 mu-

245 1709 385 1772 nitiones
413 1709 582 1788 accedunt3
611 1709 720 1772 lundis
746 1709 905 1773 librilibus
933 1709 1146 1792 sudibusque,
1176 1729 1258 1792 quas
1284 1711 1315 1771 in

218 1835 341 1899 sopore
366 1817 599 1900 disposuerant,
628 1837 664 1879 ae
687 1816 857 1899 glandibus
882 1815 988 1879 Gallos
1010 1821 1200 1899 proterrent.
1247 1835 1315 1900 pre-

246 1930 358 2006 spectu
378 1924 516 1987 tenebris
537 1923 683 2005 adempto
703 1923 805 1986 multa
820 1924 983 2005 utrimque
999 1923 1134 1985 vulnera
1154 1925 1314 2006 accipiun-

217 2036 312 2111 etur,
343 2032 506 2114 complura
530 2032 694 2093 tormentis
718 2030 781 2093 tela
804 2031 991 2093 coiciuntur.
1037 2034 1070 2092 at
1091 2027 1135 2091 M.
1152 2030 1314 2094 Antonius
1327 2048 1348 2089 15

245 2143 277 2201 et
300 2138 332 2201 C.
348 2137 524 2202 Trebonius
546 2138 657 2220 legati,
682 2137 799 2219 quibus
820 2138 879 2201 hae
895 2143 999 2219 partes
1021 2137 1061 2199 ad
1077 2136 1314 2200 defendendum

245 2244 453 2325 obvenerant,
478 2265 541 2326 qua
565 2264 606 2308 ex
630 2250 718 2327 parte
742 2250 866 2307 nostros
886 2245 989 2327 premi
1004 2243 1244 2327 intellexerant,
1267 2244 1313 2306 his

245 2351 366 2414 auxilio
400 2371 440 2414 ex
470 2351 676 2415 ulterioribus
714 2351 852 2415 castellis
886 2351 1039 2414 deductos
1076 2350 1312 2415 submittebant.

190 2471 226 2525 82
245 2455 332 2520 Dum
355 2457 481 2539 longius
506 2478 524 2519 a
543 2459 721 2522 munitione
745 2458 877 2522 aberant
893 2458 989 2540 Galli,
1013 2458 1086 2540 plus
1105 2458 1336 2522 multitudiuei

245 2564 381 2627 telorum
408 2563 627 2647 proficiebant,
660 2570 769 2647 postea
798 2585 894 2647 quam
921 2566 1053 2648 propius
1080 2570 1312 2645 successerunt,

244 2676 300 2734 aut
323 2691 357 2735 se
373 2671 510 2735 stimulis
529 2673 732 2754 inopinantes
754 2672 931 2736 induebant
954 2676 1008 2735 aut
1022 2673 1058 2734 in
1072 2671 1203 2737 serobes
1220 2672 1313 2736 delati

244 2778 537 2842 transfodiebantur
568 2784 624 2841 aut
656 2799 698 2842 en
725 2780 809 2842 vallo
843 2799 880 2842 ae
912 2778 1053 2842 turribus
1085 2781 1209 2844 traiecti
1241 2780 1312 2863 pilis

216 2884 421 2948 amuralibus
449 2886 632 2949 interibant.
678 2886 788 2949 multis
817 2887 961 2968 undique
984 2886 1177 2951 vulneribus
1204 2904 1335 2970 accept

244 2993 284 3055 tis
309 2993 396 3055 nulla
419 2993 599 3056 munitione
627 2998 789 3075 perrupta,
818 3013 891 3056 cum
920 2992 979 3055 lux
1007 2992 1184 3076 adpeteret,
1210 2993 1311 3074 veriti,

245 3117 284 3161 ne
308 3098 346 3161 ab
371 3099 468 3162 latere
492 3104 599 3182 aperto
623 3119 664 3162 ex
689 3099 905 3182 superioribus
929 3101 1040 3163 eastris
1062 3101 1231 3184 eruptione
1254 3102 1311 3164 cir·

215 3208 518 3288 acumvenirentor,
543 3224 576 3269 se
597 3205 637 3268 ad
658 3225 733 3269 suos
748 3212 944 3289 receperunt.
983 3212 1015 3269 at
1033 3207 1216 3288 interiores,
1237 3208 1312 3271 dum

243 3332 292 3396 ea,
318 3333 400 3395 quae
420 3312 715 3396 aVereingetorige
736 3314 777 3375 ad
797 3315 996 3397 eruptionem
1012 3320 1199 3397 praeparata
1214 3320 1311 3396 erant,

332 3561 377 3614 81.
398 3561 421 3612 2.
442 3561 457 3613 3
477 3559 658 3629 harpagonum
681 3562 719 3613 ed.
739 3561 766 3627 13
791 3577 954 3630 arpagonum
976 3561 1007 3614 X
1044 3561 1054 3631 ll
1095 3562 1219 3616 3media
1236 3564 1310 3616 noete

241 3655 331 3714 orari
362 3649 371 3718 ll
403 3665 459 3701 err
490 3650 499 3718 [Ι
532 3650 720 3717 ‘iperturbare
739 3650 811 3703 MSo
843 3652 852 3720 ll
884 3651 908 3703 7.
923 3650 940 3703 8
953 3649 1056 3720 reliqua
1075 3667 1196 3721 quaeque
1214 3652 1248 3706 ad
1267 3671 1284 3703 o
1301 3649 1309 3721 ll

241 3737 371 3804 8parent
389 3738 426 3790 ab
457 3739 465 3807 ll
499 3741 531 3792 11
552 3755 617 3792 suus
635 3746 664 3807 fl,
684 3741 714 3792 ut
733 3759 750 3791 a
782 3739 791 3807 ll
827 3739 901 3794 locus
921 3741 977 3793 erat
996 3758 1018 3791 π
1050 3739 1058 3809 ll
1091 3738 1310 3811 1333313311

241 3824 325 3894 gallos
344 3826 485 3896 glandibus
505 3849 523 3880 a
555 3830 564 3894 11
596 3830 784 3895 1531331311
815 3830 823 3898 ll
858 3831 889 3882 17
910 3829 941 3882 iis
961 3829 1003 3900 Αρ

331 3933 376 3989 82.
398 3936 411 3987 1
432 3950 448 3987 3
472 3934 563 4001 Vase.;
583 3936 615 3990 ab
636 3936 685 4004 Spa
705 3938 737 3990 ad
757 3956 775 3988 a
807 3936 815 4005 11
848 3936 994 3991 munitione
1009 3937 1066 4004 Sep
1078 3936 1253 3993 munitionem
1266 3956 1282 3988 α
1301 3935 1309 4006 ll

241 4022 351 4076 aberant
369 4022 432 4092 galli
451 4023 483 4076 ab
501 4024 647 4078 munitione
665 4033 683 4093 β
723 4029 732 4093 ΙΙ
773 4026 789 4078 2
808 4028 993 4081 successerant
1012 4044 1046 4094 a,
1069 4029 1241 4081 aceesserunt
1257 4025 1308 4079 Be-

239 4113 327 4166 roald.
364 4112 372 4180 ll
410 4113 474 4166 3se
494 4131 523 4180 ας
542 4129 572 4167 se
590 4114 677 4182 ipsip
713 4115 721 4183 ll
758 4115 838 4168 delati
858 4133 888 4183 o;
907 4115 1044 4184 delapsio
1084 4115 1093 4185 ll
1127 4115 1195 4171 4ao
1212 4122 1264 4186 φβς
1282 4116 1308 4168 et

235 4219 257 4269 χ
297 4206 306 4268 ΙΙ
347 4200 544 4257 binteriebant
567 4222 585 4254 a
625 4203 634 4271 ll
675 4204 871 4273 bpraeparata
898 4207 974 4260 erant
999 4204 1141 4274 Beroeam
1172 4220 1308 4275 praepara·

240 4292 335 4344 nerant
352 4290 383 4342 X
