2806 4778
499 355 607 409 LIBER
624 356 698 410 VIII.
719 356 795 410 OAP.
816 358 897 411 7-9.
1167 345 1237 405 223

160 517 281 601 gularis
306 518 392 581 enim
415 518 542 581 virtutis
561 520 746 582 veterrimas
769 519 912 602 legiones
927 519 1010 601 VII,
1022 520 1112 602 VIII,
1125 521 1235 584 VIIII.

159 624 309 704 habebat,
337 644 480 689 summae
510 626 577 708 spei
606 626 810 708 delectaeque
838 627 1015 690 iuventutis
1043 627 1115 710 XI,
1150 647 1234 710 quae

160 736 272 795 octavo
297 732 361 794 iam
378 732 534 814 stipendio
552 736 658 796 tamen
682 733 717 794 in
733 733 913 796 conlatione
933 733 1130 816 reliquarum
1152 754 1236 797 non-

160 839 239 902 dum
273 838 407 902 eandem
439 841 605 902 vetustatis
643 859 679 902 ac
712 840 839 903 virtutis
876 845 1001 923 ceperat
1037 841 1231 923 opinionem.

117 948 269 1028 miteque
301 946 434 1009 consilio
468 947 619 1009 advocato
653 946 748 1010 rebus
780 947 834 1028 iis,
871 965 952 1029 quae
985 948 1025 1010 ad
1059 967 1092 1010 sc
1125 951 1266 1013 essenta

160 1053 297 1135 delatae,
321 1052 470 1115 omnibus
494 1053 648 1136 expositis
673 1053 798 1116 animos
820 1053 1036 1117 multitudinis
1056 1054 1232 1118 confirmat.

159 1161 188 1224 si
210 1161 291 1223 forte
314 1160 420 1223 hostes
449 1161 545 1223 trium
568 1160 734 1243 legionum
764 1180 896 1224 numero
920 1167 1027 1245 posset
1054 1162 1167 1225 elicere
1192 1161 1232 1224 ad

161 1267 392 1350 dimicandum,
421 1268 557 1349 agminis
582 1268 726 1331 ordinem
755 1268 800 1330 ita
823 1269 1001 1351 constituit,
1030 1273 1067 1331 ut
1089 1269 1235 1352 legiones

159 1373 242 1456 VII,
265 1373 364 1455 VIII,
387 1375 492 1437 VIIII.
517 1378 590 1437 ante
614 1376 721 1437 omnia
743 1376 827 1438 irent
848 1375 1090 1458 impedimenta,
1116 1376 1235 1439 deinde

118 1502 145 1543 15
161 1482 305 1544 omnium
333 1480 635 1564 impedimentorum
664 1499 791 1565 agmen,
821 1482 907 1564 quod
935 1488 1042 1546 tamen
1070 1488 1138 1546 erat
1165 1501 1236 1546 me-

161 1587 280 1670 diocre,
309 1592 344 1651 ut
368 1588 401 1650 in
426 1587 686 1671 expeditionibus
714 1606 782 1652 esse
806 1590 984 1670 consuevit,
1012 1594 1139 1672 cogeret
1160 1589 1234 1671 XI,

161 1713 201 1757 ne
224 1695 354 1758 maioris
382 1694 598 1758 multitudinis
626 1696 746 1778 species
776 1696 918 1758 accidere
946 1695 1092 1758 hostibus
1117 1701 1233 1777 posset,

161 1820 256 1882 quarn
289 1802 351 1884 Ipsi
384 1801 649 1884 depoposcissent.
695 1803 754 1864 hac
786 1803 908 1864 ratIone
939 1820 1040 1884 paene
1074 1802 1261 1884 quadratos

160 1909 288 1991 agmine
311 1909 468 1972 instructo
492 1910 526 1971 in
543 1914 749 1991 conspertum
765 1909 904 1971 hostium
926 1909 1060 1971 celerius
1077 1909 1229 1991 opinione

131 2033 272 2078 reorum
295 2017 472 2078 exercitum
495 2015 634 2079 adducit.
681 2013 762 2078 Cum
784 2019 915 2098 repente
942 2016 1114 2078 instructas
1138 2015 1229 2078 velut
1249 2031 1272 2085 9

160 2123 195 2184 in
218 2123 285 2185 acie
309 2127 394 2185 certo
414 2122 515 2205 gradu
538 2122 681 2205 legiones
702 2124 852 2185 accedere
869 2122 951 2186 Galli
968 2122 1126 2203 viderent,
1150 2142 1232 2204 quo-

160 2249 230 2291 rum
260 2233 351 2292 erant
383 2230 422 2293 ad
451 2227 616 2293 Caesarem
647 2229 742 2312 plena
773 2229 910 2293 fiduciae
939 2229 1075 2293 consilia
1102 2228 1233 2312 perlata,

160 2337 228 2398 sive
252 2337 433 2399 certaminis
456 2337 598 2419 periculo
628 2337 694 2400 sive
722 2335 828 2409 subito
857 2336 995 2400 adventu
1024 2337 1091 2399 sive
1114 2355 1232 2418 expec-
1262 2336 1269 2346 '

132 2444 278 2506 statione
301 2443 402 2506 nostri
426 2443 548 2506 consilii
566 2445 672 2526 copias
687 2445 850 2506 instruunt
872 2463 929 2526 pro
947 2445 1058 2507 castris
1081 2463 1141 2508 nec
1159 2444 1232 2506 loco

160 2551 322 2632 superiore
340 2549 506 2614 decedunt.
543 2549 670 2632 Caesar,
687 2552 746 2614 etsi
763 2551 915 2614 dimIeare
932 2555 1106 2633 optaverat,
1122 2555 1228 2615 tamen
1245 2572 1265 2614 a

161 2656 334 2720 admiratus
362 2661 482 2720 tantam
509 2657 746 2720 multitudinem
776 2659 915 2721 hostium
939 2658 1021 2721 valle
1049 2658 1231 2721 intemrissa

160 2764 262 2847 magis
289 2764 325 2826 in
354 2764 554 2828 altitudinem
583 2764 733 2846 depressa
762 2784 855 2845 quam
885 2764 948 2827 late
971 2770 1099 2847 patente
1127 2767 1231 2826 castra

160 2872 271 2934 castris
298 2872 438 2934 hostium
466 2871 595 2934 confert.
642 2871 721 2933 haec
748 2872 883 2953 imperat
910 2870 992 2933 vallo
1020 2870 1137 2953 pedum
1161 2869 1228 2933 XII
1243 2893 1264 2933 a

118 2978 295 3060 remuniri,
328 2978 496 3041 loriculam
525 2997 581 3060 pro
611 2976 693 3060 [hac]
722 2978 844 3040 ratione
877 2978 947 3040 eius
976 2976 1152 3040 altitudinis
1179 2979 1231 3039 in-

161 3084 333 3167 aedificari,
355 3085 472 3148 fossam
497 3085 656 3167 duplicem
679 3083 796 3167 pedum
821 3084 956 3165 quinum
981 3083 1100 3146 denum
1123 3084 1233 3147 lateri·

159 3190 220 3255 bus
236 3191 371 3275 deprimi
388 3192 537 3273 derectis,
560 3196 663 3254 turres
679 3191 813 3256 excitari
830 3190 956 3254 crebras
973 3191 1009 3252 in
1025 3190 1229 3253 altitudinem

158 3300 255 3362 trirmr
283 3298 510 3381 tabulatorum,
542 3299 693 3382 pontibus
722 3298 859 3362 traiectis
891 3298 1124 3379 constratisque
1152 3316 1229 3360 con-

158 3406 261 3488 iungi,
295 3425 432 3488 quorum
463 3406 581 3469 frontes
609 3406 747 3468 viminea
779 3405 915 3468 loricula
943 3404 1158 3487 munirentur,
1191 3410 1228 3468 ut
1242 3425 1264 3466 r

248 3582 470 3652 Velectaequess
501 3583 510 3650 11
541 3581 629 3635 8iam
648 3588 737 3648 01οβ
768 3581 777 3650 11
809 3579 939 3649 stipendio
958 3580 1049 3634 functa
1061 3584 1151 3635 tamen
1164 3597 1230 3635 cou-

156 3670 321 3739 locationefl
352 3671 360 3741 11
394 3673 427 3725 13
445 3670 563 3740 legiones
582 3670 675 3739 Frip.;
694 3669 763 3739 legio
781 3669 812 3722 X
841 3669 849 3738 11
883 3669 996 3723 141111.
1016 3677 1106 3737 camp
1137 3671 1146 3740 11
1177 3670 1234 3724 iret

158 3780 175 3812 u
207 3760 216 3829 11
249 3760 283 3814 18
301 3776 384 3830 paene
403 3767 492 3827 ocari
523 3759 531 3828 11
565 3760 597 3813 19
616 3761 795 3827 conspecturi

245 3851 308 3906 9.1
330 3849 398 3904 Cum
417 3867 447 3916 a;
467 3848 539 3914 Quas
557 3847 711 3918 legionesa
742 3849 751 3916 11
784 3848 935 3917 2legiones
950 3856 1033 3916 00011
1064 3848 1073 3915 11
1104 3847 1234 3901 uiderent·

156 3941 195 3993 ed.
209 3939 278 4007 inca
297 3939 423 3994 uiderunt
438 3956 468 4005 ας
487 3955 548 3992 cum
567 3937 719 4005 uiderentfl
741 3939 750 4007 11
773 3940 789 3992 3
807 3938 906 3992 fiducia
923 3945 940 4006 β
963 3940 971 4008 11
995 3939 1012 3991 4
1030 3938 1087 3991 siue
1101 3954 1161 4005 exp.
1172 3936 1233 4005 Αβς

157 4044 205 4083 seu
218 4045 278 4098 exp.
293 4048 310 4080 a
333 4030 342 4098 11
366 4027 515 4083 remunito
535 4027 572 4095 cf
589 4028 597 4096 11
620 4028 669 4082 bac
688 4028 737 4080 del.
757 4028 835 4097 Ia'ps.
860 4028 869 4096 11
892 4028 982 4081 9-11
1003 4029 1062 4096 ped.
1083 4026 1147 4079 XII.
1166 4043 1233 4080 mu-

156 4118 219 4187 niri,
239 4118 341 4172 coronis
360 4117 554 4183 inaedificarifl
589 4118 598 4186 11
635 4118 667 4170 11
689 4118 785 4170 denum
810 4117 921 4186 quinum
945 4136 962 4168 a
999 4116 1007 4184 11
1045 4115 1230 4168 11.121ate-

156 4207 229 4261 ribus
254 4207 365 4261 derectis
389 4206 557 4275 deprimitur,
585 4221 628 4260 res
652 4206 757 4260 crebras
777 4206 921 4273 excitariss
961 4206 970 4273 11
1012 4204 1046 4257 14
1064 4203 1174 4258 loricula
1195 4203 1235 4271 ὃς

156 4295 272 4350 luricula
288 4296 329 4364 X3
347 4295 432 4349 lurica
450 4295 469 4347 lt
