2806 4778
433 257 580 312 LIBERI.
601 257 676 312 ΟΑΡ.
697 258 818 320 37-,-39.
1116 243 1157 304 25

88 441 150 505 que
178 421 348 486 itineribus
377 421 542 485 contendit
574 425 791 504 occupatoque
819 421 934 504 oppido
968 420 1013 483 ibi
1040 422 1158 504 praesi-

87 530 178 593 dium
202 528 354 592 conlocat.

59 661 71 702 1
174 635 262 700 Dum
290 655 409 718 paucos
438 635 505 698 dies
533 635 573 698 ad
600 635 831 699 Vesontionem
858 636 905 698 rei
932 636 1158 698 frumentariae
1175 641 1214 697 39

87 749 347 825 commeatusque
368 761 464 806 eausa
480 747 631 824 moratur,
656 760 697 805 err
712 743 952 825 percontatione
975 747 1158 805 nostrorum

86 851 286 932 vocibusque
310 849 475 913 Gallorum
498 869 535 912 ac
557 854 784 931 mercatorum,
811 850 867 932 qui
888 850 1012 932 ingenti
1034 851 1158 932 magni·

87 958 201 1020 tudine
225 975 392 1038 corporum
411 956 599 1033 Germanos,
622 954 804 1020 incredibili
821 957 940 1018 virtute
956 961 1051 1038 atque
1068 974 1158 1020 exer-

58 1065 236 1128 scitatione
258 1063 292 1125 in
312 1063 409 1126 armis
429 1081 496 1127 esse
512 1062 752 1146 praedicabant,
769 1099 810 1107 -—
828 1081 922 1144 saepe
937 1082 1071 1126 numero
1088 1081 1157 1126 sese

86 1190 160 1233 oum
184 1171 232 1233 his
256 1189 441 1254 congressos
464 1190 505 1234 ne
521 1169 647 1232 vultum
670 1168 799 1252 quidem
815 1175 911 1251 atque
931 1169 1033 1233 aciem
1051 1169 1158 1232 conlo-

85 1297 157 1340 rum
176 1277 323 1342 dicebant
337 1278 419 1340 ferre
435 1277 591 1359 potuisse,
608 1314 649 1322 —
674 1281 782 1339 tantus
798 1275 903 1340 subito
919 1278 1015 1340 timor
1030 1296 1158 1340 omnem

87 1385 263 1448 exercitum
286 1385 467 1467 occuparit,
493 1389 617 1447 utnon
638 1383 843 1447 mediocriter
867 1384 1010 1446 omnium
1032 1389 1157 1448 mentes

86 1492 272 1572 animosque
295 1491 502 1574 perturbaret.
548 1491 600 1553 hic
623 1491 762 1573 primum
792 1495 879 1553 ortus
907 1496 955 1553 est
978 1510 996 1552 a
1019 1491 1185 1554 tribunisa

44 1619 71 1662 ro
84 1600 237 1680 militum,
269 1599 436 1681 praefectis
468 1597 681 1679 reliquisque,
721 1599 777 1678 qui
809 1617 852 1660 ex
883 1596 963 1660 urbe
998 1598 1156 1661 amicitiae

85 1725 181 1769 causa
205 1704 372 1768 Caesarem
397 1705 499 1767 secuti
521 1723 586 1766 non
609 1723 764 1786 magnum
792 1705 826 1765 in
849 1722 884 1766 re
907 1703 1038 1766 militari
1061 1724 1157 1767 usum

85 1811 257 1874 habebant:
288 1830 426 1892 quorum
453 1810 536 1873 alius
564 1811 626 1872 alia
650 1830 747 1873 causa
769 1810 880 1892 inlata,
911 1830 1007 1892 quam
1031 1810 1090 1873 sibi
1117 1810 1185 1872 ade

85 1916 352 2001 proficiscendum
375 1917 586 1979 necessariam
610 1936 679 1981 esse
704 1916 837 1999 diceret,
860 1917 999 1999 petebat,
1028 1921 1065 1979 ut
1088 1918 1157 1980 eius

85 2024 249 2087 voluntate
274 2023 437 2086 discedere
462 2023 585 2103 liceret,
609 2023 781 2104 nonnulli
804 2023 927 2107 pudore
950 2024 1092 2106 adducti,
1121 2029 1157 2087 ut

46 2131 210 2193 15tim01‘is
234 2131 448 2212 suspicionem
470 2130 620 2213 vitarent,
644 2129 860 2194 remanebant.
906 2130 941 2192 hi
963 2150 1069 2213 neque
1085 2132 1184 2194 vul-r

85 2243 153 2300 tum
186 2235 306 2320 fingere
336 2255 443 2318 neque
480 2236 643 2301 interdum
679 2236 826 2300 lacrimas
857 2243 966 2301 tenere
995 2243 1153 2321 poterant:

86 2343 184 2407 abditi
212 2344 246 2406 in
273 2341 487 2408 tabernaculis
515 2350 570 2406 aut
597 2364 692 2408 suum
724 2345 826 2407 fatum
854 2345 1070 2426 querebantur
1102 2351 1156 2409 aut

85 2470 158 2513 cum
180 2450 393 2514 familiaribus
421 2452 487 2514 suis
517 2470 686 2515 commune
709 2452 889 2534 periculum
912 2450 1154 2516 miserabantur.

86 2557 192 2641 [vulgo
216 2559 292 2622 totis
312 2558 423 2622 eastris
443 2563 634 2622 testamenta
649 2559 922 2642 obsignabantur]
969 2560 1084 2623 horum
1099 2578 1182 2623 rso-e

43 2681 70 2724 ao
85 2664 175 2728 cibus
199 2684 236 2727 ac
259 2667 372 2728 timore
395 2665 550 2748 paulatim
573 2667 668 2728 etiam
691 2666 717 2727 ii
742 2666 798 2749 qui
811 2685 966 2749 magnum
987 2668 1021 2729 in
1043 2667 1155 2730 castris

83 2791 179 2835 usum
209 2770 368 2834 habebant
395 2772 514 2835 milites
547 2774 814 2853 centurionesque
848 2774 968 2855 quique
997 2774 1155 2853 equitatui

84 2883 251 2962 praeerant
278 2877 554 2960 perturbabantur.
602 2880 658 2961 qui
687 2899 720 2942 se
748 2899 791 2943 ex
817 2880 868 2942 his
895 2881 1002 2943 minus
1025 2880 1183 2943 tirnidcse

85 2985 261 3048 existimari
284 2984 446 3065 volebant,
474 3004 539 3048 non
562 3003 597 3047 se
620 2986 744 3048 hostem
766 2987 882 3068 vereri,
911 2985 967 3048 sed
991 2987 1155 3069 angustias

83 3093 207 3155 itineris
223 3097 253 3155 et
268 3091 522 3175 magnitudinem
538 3091 704 3171 silvarum,
721 3111 803 3173 quae
818 3092 1056 3156 intercederent
1070 3093 1156 3156 inter

42 3215 70 3258 aa
83 3201 169 3282 ipsos
197 3205 292 3281 atque
315 3200 527 3281 Ariovistum,
556 3202 612 3261 aut
638 3216 707 3260 rem
733 3197 988 3279 frumentariam,
1016 3204 1051 3261 ut
1079 3201 1155 3262 satis

84 3306 248 3369 commode
281 3307 461 3389 supportari
492 3309 611 3389 posset,
645 3306 756 3368 timere
781 3305 937 3368 dicebant.
984 3324 1048 3368 non
1072 3306 1181 3369 nullia

85 3413 183 3475 etiam
215 3412 344 3477 Caesari
377 3412 579 3493 nuntiabant,
613 3431 688 3475 oum
721 3417 823 3475 castra
845 3413 968 3475 moveri
1000 3431 1036 3476 ao
1064 3414 1155 3496 signa

172 3605 566 3672 39.1Duma3CumB²p
603 3605 610 3678 tl
648 3606 835 3674 9arrl;abss
871 3604 879 3677 ll
917 3608 948 3658 11
963 3622 1153 3675 nonmagnum

84 3696 148 3761 MS,
167 3711 294 3763 magnum
318 3694 465 3762 pericnlum
489 3695 694 3764 miserabantur,
719 3696 789 3763 quod
812 3711 865 3748 non
887 3711 1013 3764 magnum
1027 3702 1076 3764 χβς
1100 3711 1152 3749 non

83 3801 211 3854 magnum
238 3783 385 3854 periculum
414 3783 608 3837 miserabantur
635 3784 675 3836 B¹
713 3782 721 3856 Η
758 3785 792 3838 18
822 3784 1016 3839 miserebantur
1042 3784 1109 3837 A¹7r
1145 3782 1154 3854 lt

84 3874 212 3944 l9vulgo
285 3872 552 3940 obsignabanturdel.
568 3873 642 3926 Paul
679 3872 686 3945 d
724 3872 758 3928 20
776 3873 889 3940 iiod.1;
908 3873 938 3926 hi
955 3873 986 3926 X
1010 3871 1018 3944 d
1050 3873 1081 3925 21
1095 3873 1152 3941 qui-

83 3981 135 4034 que
153 3964 223 4031 Bu,
242 3966 273 4016 ut
292 3962 404 4030 quisque
424 3980 441 4012 a
478 3959 486 4032 tl
524 3961 757 4029 24et13²p30aa
778 3982 795 4013 a
832 3961 840 4034 tt
877 3963 919 4015 24.
940 3962 1153 4030 25quaeinter-

83 4055 207 4107 oederent
230 4052 299 4104 inter
317 4051 389 4118 ipsos
408 4053 488 4117 atque
511 4051 666 4104 arionistum
690 4069 720 4116 u3
744 4067 811 4119 quae
833 4052 903 4104 inter
922 4066 967 4103 eos
986 4053 1065 4118 atque
1084 4051 1152 4103 ario-

83 4143 183 4194 uistum
195 4138 460 4206 intercederentB²fl
496 4138 504 4210 tt
541 4139 574 4192 27
594 4139 752 4193 nuntiabant
769 4141 808 4193 ed.
828 4142 856 4207 13
874 4138 1062 4193 renuntiabant
1079 4139 1153 4206 B²p3

83 4231 237 4283 nuntiarant
256 4249 273 4281 a
