2806 4778
500 339 607 394 LIBER
624 339 673 392 ΠΙ.
694 338 769 392 uAP.
787 338 903 392 15-19.
1192 322 1232 384 69

167 505 437 587 contemptionem
461 502 598 566 Sabinus
624 503 756 583 veniret,
780 501 834 563 sed
860 502 955 563 etiam
977 507 1160 564 nostrorum
1175 501 1234 562 mi-

165 611 258 673 1111111
281 610 417 673 vocibus
440 629 505 672 non
526 609 607 672 nihil
624 612 817 692 carperetur,
843 612 1028 690 tantamque
1053 608 1262 690 opinionemo

166 720 289 780 timoris
311 717 470 800 praebuit,
495 721 530 779 ut
552 716 616 779 iam
640 717 680 779 ad
696 715 814 778 vallum
833 720 1008 778 castrorum
1023 715 1130 778 hostes
1146 733 1233 778 acce-

166 825 240 887 dere
264 826 426 887 auderent.
471 825 505 886 id
529 843 566 886 ea
590 824 629 887 de
653 842 748 886 causa
770 821 919 904 faciebat,
945 822 1029 904 quod
1053 841 1127 884 cum
1146 827 1261 888 tantar

124 955 151 995 no
166 930 374 993 multitudine
397 931 551 1012 hostium,
575 931 762 1013 praesertim
782 948 818 992 eo
835 928 978 1010 absente,
1003 929 1060 1009 qui
1076 948 1233 992 summam

165 1039 292 1120 imperii
318 1043 452 1119 teneret,
479 1038 544 1100 nisi
576 1057 677 1118 aequo
706 1037 775 1098 1000
805 1042 860 1098 aut
888 1037 1099 1119 oportunitate
1126 1035 1233 1118 aliqua

141 1143 238 1208 idata
261 1144 363 1227 legato
384 1144 598 1208 dimicandum
623 1164 687 1207 non
705 1143 915 1206 existimabat.
954 1143 1024 1206 Hac
1048 1123 1287 1205 confirmatam

167 1252 314 1332 opinione
337 1253 458 1314 timoris
481 1251 634 1314 idoneum
660 1250 817 1334 quendam
843 1251 1004 1312 hominem
1028 1253 1059 1314 01
1082 1249 1232 1312 callidum

167 1357 293 1439 delegit,
317 1357 457 1436 Gallum,
481 1376 522 1421 ex
544 1358 598 1439 iis,
623 1377 703 1441 quos
720 1357 834 1420 auxilii
850 1376 947 1420 causa
962 1376 1072 1420 secum
1088 1356 1232 1420 habebat.

164 1464 239 1526 huic
266 1465 390 1547 magnis
418 1466 567 1548 praemiis
594 1463 943 1547 pollicitationibusque
971 1463 1153 1547 persuadet,
1187 1466 1261 1527 utia

137 1570 205 1634 aad
228 1571 334 1634 hostes
357 1577 509 1653 transeat,
534 1577 564 1634 et
589 1571 666 1653 quid
684 1571 753 1634 fieri
773 1571 850 1634 velit
866 1571 984 1634 edocet.
1024 1572 1080 1652 qui
1103 1570 1160 1633 ubi
1176 1591 1261 1653 pros

163 1678 295 1761 peffuga
318 1679 358 1740 ad
382 1680 558 1761 eosvenit,
582 1680 728 1741 timorem
743 1678 961 1741 Romanorum
977 1678 1138 1760 proponit,
1163 1679 1233 1758 qui·

164 1784 223 1847 bus
248 1786 404 1868 angustiis
428 1787 496 1867 ipse
521 1783 636 1848 Caesar
659 1805 677 1846 a
700 1785 831 1847 Venetis
859 1789 1019 1867 prematur
1048 1784 1151 1864 docet,
1179 1802 1261 1848 ner

165 1910 227 1971 que
251 1891 380 1975 longius
403 1890 527 1973 abesse,
551 1893 632 1972 quin
655 1892 802 1975 proxima
824 1896 916 1955 nocte
941 1889 1078 1953 Sabinus
1094 1890 1176 1954 clam
1192 1910 1234 1954 ex

164 2001 275 2061 castris
305 1999 482 2062 exercitum
511 1998 624 2061 educat
649 2003 681 2061 et
707 1997 748 2061 ad
776 1997 943 2061 Caesarem
970 1997 1082 2060 auxilii
1109 1997 1233 2061 ferendi

122 2127 150 2168 10
165 2125 260 2168 causa
288 2105 514 2188 proficiscatur.
567 2105 652 2186 quod
680 2105 736 2168 ubi
764 2106 910 2168 auditum
943 2111 1002 2186 est,
1036 2105 1261 2169 conclamant5

165 2231 276 2276 omnes
300 2214 500 2277 occasionem
522 2213 644 2296 negotii
667 2211 749 2276 bene
772 2212 903 2295 gerendi
933 2212 1138 2275 amittendam
1168 2231 1233 2274 non

164 2339 246 2384 esse:
272 2320 312 2383 ad
335 2325 439 2383 castra
460 2320 501 2383 iri
526 2326 698 2403 oporteref
724 2319 843 2382 multae
863 2338 913 2382 res
930 2318 969 2382 ad
986 2320 1047 2382 hoc
1063 2309 1261 2383 consiliuma

165 2425 273 2489 Gallos
297 2426 519 2490 hortabantur:
548 2429 749 2510 superiorum
777 2428 901 2490 dierum
924 2424 1033 2489 Sabini
1062 2427 1233 2503 cunctatio,

164 2535 313 2616 perfugae
347 2533 560 2614 confirmatio,
592 2535 701 2616 inopia
728 2533 933 2615 cibariorum,
965 2535 1017 2596 cui
1045 2535 1092 2596 101
1118 2553 1233 2616 parum

124 2662 151 2702 15
167 2639 337 2722 diligenter
369 2640 408 2702 ab
441 2641 481 2703 iis
509 2646 575 2703 erat
602 2641 779 2723 provisum,
812 2659 882 2723 spes
911 2640 1058 2703 Venetici
1085 2640 1173 2722 belli,
1203 2648 1233 2703 et

164 2747 251 2827 quod
274 2747 338 2811 iere
362 2747 499 2811 libenter
513 2748 658 2810 homines
681 2747 728 2828 id,
752 2748 838 2830 quod
854 2747 979 2828 volunt,
1002 2747 1144 2810 credunt.
1183 2749 1260 2812 hist

162 2854 259 2917 rebus
288 2854 417 2917 adducti
446 2875 511 2916 non
539 2855 627 2937 prius
654 2855 871 2917 Viridovicem
901 2854 1106 2945 reliqupsque
1135 2855 1232 2918 duces

163 2981 206 3024 ex
230 2962 367 3024 concilio
392 2962 568 3041 dimittunt,
597 2980 693 3041 quam
721 2960 760 3022 ab
787 2962 827 3023 iis
856 2962 896 3023 sit
919 2979 1116 3044 concessum,
1145 2981 1232 3024 arma

164 3071 210 3132 uti
234 3069 363 3151 capiant
386 3075 416 3132 01
439 3069 479 3131 ad
495 3075 597 3132 castra
612 3067 814 3131 contendant.
855 3087 918 3148 qua
933 3086 968 3130 re
984 3086 1135 3132 concessa
1150 3068 1260 3151 laetis

118 3195 147 3236 ao
163 3182 198 3238 ut
221 3176 385 3259 explorata
400 3176 547 3256 victoria,
571 3175 740 3238 sarmentis
757 3175 968 3257 virgultisque
985 3174 1137 3256 collectis,
1163 3176 1232 3256 qui-

162 3281 221 3345 bus
258 3282 358 3346 fossas
390 3283 610 3346 Romanorum
642 3282 834 3365 compleant,
871 3281 912 3344 ad
950 3288 1052 3345 castra
1087 3290 1231 3365 pergunt.

133 3386 265 3452 1Locus
288 3395 355 3452 erat
378 3395 554 3453 castrorum
577 3389 680 3452 editus
705 3394 735 3452 01
757 3389 912 3473 paulatim
941 3388 979 3452 ab
1008 3389 1073 3452 imo
1101 3390 1231 3453 acclivis
1250 3402 1288 3456 19

161 3497 289 3559 circiter
311 3517 424 3580 passus
447 3498 542 3560 mille.
589 3498 652 3560 huc
675 3516 791 3579 magno
816 3516 914 3560 eursu
930 3496 1172 3580 contenderunt,
1197 3504 1232 3559 ut

162 3623 259 3684 quam
282 3589 451 3666 minimum
475 3606 567 3687 spatii
591 3603 632 3666 ad
655 3623 688 3666 se
710 3603 906 3687 colligendos
922 3603 1153 3687 armandosque
1169 3603 1231 3667 Ro-

251 3817 284 3868 16
303 3817 485 3883 contemptum
503 3823 521 3882 β
552 3816 561 3883 ΙΙ
593 3816 628 3870 20
646 3815 763 3869 hostium
782 3833 834 3868 orn.
854 3836 870 3885 p

249 3901 1131 3972 18.11111011’β;0011ΙΙ3110001.1;111οΧ1141111111
1169 3906 1232 3958 501

160 4010 247 4062 onae
284 3994 292 4061 ll
330 4010 375 4061 pro
394 4001 483 4061 enati
524 3993 532 4060 ll
573 3995 813 4062 lpremebaturp
852 3997 861 4064 ll
906 3998 936 4049 lb
955 3995 988 4048 iis
1007 3995 1046 4047 ed.
1066 3996 1094 4059 13
1116 3994 1158 4046 his
1177 3992 1207 4045 X
1223 3992 1233 4063 ll

162 4082 194 4134 18
215 4082 358 4150 consiliofl
389 4083 398 4150 ll
429 4083 462 4135 iis
481 4083 520 4134 ed.
539 4084 567 4149 13
587 4082 629 4136 his
647 4082 677 4135 X
710 4085 718 4150 ll
757 4085 798 4137 18.
819 4086 852 4138 19
871 4100 945 4138 arma
964 4085 1003 4137 uti
1022 4083 1129 4151 capiant
1148 4101 1178 4149 w,
1201 4089 1233 4135 ut

159 4170 262 4238 copiam
283 4172 416 4239 laciantfl
448 4171 456 4238 ll
489 4171 721 4226 maenianorum
742 4173 791 4226 dal.
811 4172 926 4227 Nitscbe

249 4262 294 4316 19.
315 4263 330 4314 3
349 4261 544 4329 armandosque
562 4278 614 4314 om.
634 4268 651 4328 β
