2806 4778
205 330 246 391 14
603 343 710 397 BELLI
728 343 872 397 GALLICI

204 507 308 590 qualis
335 513 417 569 esset
440 513 554 569 natura
576 507 694 569 montis
717 512 749 569 et
773 506 876 589 qualis
899 508 933 568 in
957 506 1094 568 circuitu
1123 524 1276 569 ascensus

178 614 261 696 rqui
279 618 508 695 cognoscerent
526 614 621 675 misit.
660 615 879 676 renuntiatum
903 619 951 675 est
972 611 1097 675 facilem
1120 631 1196 675 esse.
1236 614 1278 677 de

203 721 296 783 tertia
327 720 438 803 vigilia
469 719 502 782 Τ.
525 718 716 785 Labienum.
748 720 889 802 legatum
921 739 978 803 pro
1010 725 1169 801 praetore,
1202 739 1307 786 cums

204 826 328 891 duabus
355 827 536 908 legionibus
564 831 596 888 et
622 827 662 888 iis
692 826 840 905 ducibus,
874 828 929 907 qui
961 828 1021 888 iter
1053 832 1278 908 cognoverant,

203 953 365 997 summum
394 934 506 1015 iugum
536 934 654 995 montis
683 932 852 995 ascendere
880 933 982 997 iubet:
1016 933 1094 1014 quid
1122 934 1172 995 sui
1202 952 1279 995 con-

175 1041 265 1105 asilii
299 1041 340 1102 sit
373 1039 520 1102 ostendit.
566 1040 635 1122 ipse
668 1039 706 1101 de
740 1045 851 1121 quarta
879 1040 987 1121 vigilia
1016 1039 1125 1102 eodem
1153 1040 1280 1121 itinere,

204 1165 267 1230 quo
300 1147 406 1210 hostes
441 1147 556 1225 ierant,
589 1146 630 1208 ad
662 1164 716 1208 eos
749 1146 912 1209 contendit
939 1148 1181 1228 equitatumque
1210 1166 1280 1209 om-

176 1272 277 1319 inem
302 1259 375 1315 ante
400 1271 433 1315 se
457 1253 562 1314 mittit
606 1251 641 1315 P.
666 1251 849 1331 Considius,
874 1254 930 1334 qui
953 1255 999 1315 rei
1022 1253 1170 1315 militaris
1194 1255 1279 1335 peri·
1293 1280 1323 1322 10

204 1342 347 1423 tissimus
382 1358 560 1422 habebatur
594 1363 626 1421 et
660 1361 693 1421 in
729 1360 874 1422 exercitu
906 1359 939 1422 L.
965 1357 1072 1422 Sullae
1106 1367 1137 1422 et
1168 1367 1280 1442 postea

203 1468 238 1529 in
277 1465 319 1528 M.
353 1466 456 1529 Crassi
495 1467 609 1545 fuerat,
652 1485 725 1529 eum
761 1466 1016 1549 exploratoribus
1054 1468 1279 1549 praemittItur.

149 1580 186 1634 22
204 1572 312 1636 Prima
333 1574 417 1656 luce,
439 1593 513 1636 eum
534 1593 681 1636 summus
701 1592 793 1635 mons
814 1593 833 1635 a
854 1571 976 1656 [Lucio]
995 1572 1133 1635 Labieno
1155 1579 1307 1642 tenere-r

205 1686 271 1760 tur,
295 1681 364 1763 ipse
381 1680 419 1741 ab
436 1680 574 1742 hostium
597 1682 708 1742 castris
729 1699 793 1742 non
813 1680 941 1761 longius
962 1681 1049 1742 mille
1071 1688 1102 1742 et
1122 1682 1281 1763 quingen-

205 1788 245 1849 tis
269 1786 416 1870 passibus
440 1786 564 1850 abesset
586 1805 705 1869 neque,
735 1792 770 1849 ut
797 1791 907 1868 postea
929 1805 971 1848 ex
995 1788 1129 1870 captivis
1153 1806 1282 1870 compe-

204 1893 260 1974 rit,
276 1900 333 1956 aut
347 1894 449 1977 ipsius
466 1894 621 1957 adventus
637 1899 692 1956 aut
708 1892 838 1956 Labieni
856 1895 1004 1975 cognitus
1021 1901 1115 1973 esset,
1132 1893 1282 1957 Considi-

178 2020 244 2066 aus
265 2019 346 2082 equo
368 2000 505 2063 admisso
532 2000 570 2062 ad
595 2020 668 2063 eum
691 2002 838 2083 accurrit,
864 2001 939 2063 dicit
958 2007 1112 2081 montem,
1141 2021 1238 2082 quem
1263 2023 1311 2071 aa

205 2105 345 2171 Labieno
379 2109 526 2191 occupari
560 2108 711 2185 voluerit,
744 2107 783 2169 ab
811 2108 957 2171 hostibus
990 2110 1104 2171 teneri:
1136 2107 1170 2169 id
1198 2128 1233 2171 se
1263 2130 1283 2172 a

178 2214 337 2277 aGallicis
366 2216 460 2276 armis
490 2221 584 2296 atque
611 2214 794 2296 insignibus
821 2216 1015 2294 cognovisse.
1064 2214 1177 2279 Caesar
1205 2235 1283 2279 suas

206 2321 314 2402 copias
332 2322 366 2382 in
385 2321 569 2403 proximum
594 2321 707 2383 collem
731 2320 894 2399 subducit,
919 2323 1019 2383 aciem
1042 2322 1180 2384 instruit.
1220 2321 1283 2385 La-

206 2426 335 2505 bIenus,
367 2432 404 2489 ut
436 2433 503 2489 erat
535 2428 564 2490 ei
591 2432 794 2510 praeceptum
825 2448 843 2489 a
871 2428 1018 2508 Caesare,
1051 2448 1091 2491 ne
1118 2429 1282 2510 proelium

207 2533 431 2612 committeret,
453 2534 515 2595 nisi
531 2534 633 2616 ipsius
657 2535 767 2617 copiae
782 2553 880 2617 prope
903 2535 1044 2598 hostium
1068 2542 1169 2598 castra
1189 2537 1284 2601 visae
1299 2564 1327 2606 ro
1397 2551 1403 2589 l

208 2645 327 2717 essent,
351 2646 387 2701 ut
409 2639 556 2721 undique
579 2660 644 2702 uno
669 2646 810 2722 tempore
833 2642 866 2702 in
890 2642 994 2704 hostes
1019 2643 1156 2724 impetus
1180 2640 1283 2721 fieret,

190 2750 314 2809 'monte
342 2752 496 2830 occupato
524 2753 649 2810 nostros
673 2747 861 2830 expectabat
883 2748 1068 2831 proelioque
1091 2749 1283 2814 abstinebat.

166 2880 180 2918 r
207 2855 308 2916 multo
341 2854 482 2936 denique
515 2854 566 2918 die
599 2873 656 2938 per
686 2855 899 2938 exploratores
928 2854 1043 2918 Caesar
1070 2856 1222 2938 cognovit
1249 2862 1285 2921 et

207 2967 348 3047 montem
373 2981 391 3023 a
414 2962 481 3024 suis
504 2962 607 3025 teneri
631 2968 661 3024 et
677 2962 842 3025 Helvetios
866 2968 968 3025 castra
986 2964 1126 3025 movisse
1150 2968 1182 3024 et
1198 2961 1284 3027 Con·

208 3068 327 3129 sidium
351 3069 464 3131 timore
487 3070 690 3151 perterritum
715 3069 800 3149 quod
823 3088 888 3131 non
908 3069 1042 3132 vidisset
1064 3090 1121 3152 pro
1146 3071 1214 3131 viso
1238 3071 1284 3134 si·
1299 3098 1327 3142 15

182 3174 242 3263 obi
261 3176 503 3238 renuntiavisse.
543 3194 579 3237 eo
597 3175 647 3238 die
665 3195 728 3256 quo
746 3184 913 3239 consuerat
927 3176 1094 3240 intervallo
1110 3177 1217 3240 hostes
1233 3197 1284 3241 se-

210 3282 321 3362 quitur
337 3287 368 3344 et
382 3283 472 3343 milia
494 3301 646 3365 passuum
667 3283 728 3344 tria
744 3282 783 3344 ab
800 3301 910 3345 eorum
933 3285 1042 3346 castris
1058 3289 1159 3346 castra
1181 3285 1283 3366 ponit.
1311 3316 1314 3321 ·

154 3404 191 3459 23
297 3387 456 3451 Postridie
481 3390 550 3451 eius
574 3390 653 3469 diei,
682 3389 767 3471 quod
794 3390 924 3453 omnino
948 3390 1083 3452 biduum
1107 3397 1312 3475 supererat,1

209 3515 282 3559 cum
315 3497 471 3559 exercitui
502 3496 699 3559 frumentum
729 3497 837 3559 metiri
870 3502 1041 3579 oporteret,
1079 3502 1111 3560 et
1143 3498 1231 3578 quod
1264 3518 1286 3562 a

209 3601 371 3683 Bibracte,
401 3603 516 3685 oppido
544 3601 753 3665 Haeduorum
776 3603 872 3685 longe
899 3604 1039 3665 maximo
1069 3609 1101 3666 et
1130 3604 1284 3686 copiosis-

210 3710 303 3789 sime,
326 3728 392 3771 non
409 3710 545 3791 atriplius
560 3710 691 3772 milibus
706 3729 858 3793 passuum
874 3708 990 3772 XVIII
1009 3711 1128 3792 aberat,
1151 3711 1200 3773 rei
1215 3711 1285 3775 fru-

298 3973 344 4027 21.
365 3973 381 4025 3
397 3972 489 4039 quales
507 3974 533 4025 in
550 3974 662 4027 circuitu
676 3974 785 4043 Bolbe)
823 3974 830 4046 ll
867 3977 884 4028 4
903 3977 1092 4045 cognoscerent
1105 3991 1185 4039 τοοκ
1204 3975 1283 4045 Ald.·‚

210 4061 420 4130 cognosceretX
454 4060 462 4131 il
499 4062 741 4130 diised.1;hisX
771 4062 779 4135 ll
812 4065 1096 4119 liubetascenderen
1128 4060 1136 4133 ll
1170 4063 1203 4118 10
1213 4063 1244 4118 P.
1249 4084 1283 4135 χ;

210 4168 263 4203 ⁰⁷7²·
283 4158 323 4220 (Ιβ

299 4258 345 4314 22.
366 4261 379 4311 1
400 4257 468 4312 lucio
486 4259 527 4327 X3
550 4259 600 4313 del.
619 4259 706 4328 Na'pp.
744 4258 752 4329 Ιξ
791 4261 823 4313 16
842 4263 981 4313 consuerat
1000 4267 1060 4327 ca²;
1080 4264 1286 4330 consueueratss
