2806 4778
219 311 283 373 238
618 326 724 380 BELLI
743 326 886 381 GALLIOI

217 489 401 572 pedimenta
422 490 654 572 oppidanorum
673 490 808 571 videret,
833 509 914 573 quae
938 490 966 553 si
990 490 1193 554 clandestina
1214 490 1310 573 fugas

217 595 404 659 subtrahere
428 604 634 679 conarentur,
659 597 797 680 effugere
819 616 883 659 non
902 596 997 660 modo
1018 598 1211 679 equitatum,
1234 597 1285 661 sed

217 722 257 767 ne
282 703 422 784 legiones
451 703 581 785 quidem
608 708 749 786 possent,
777 704 933 786 tripertito
962 703 1149 767 cohortibus
1178 704 1284 767 divisis

189 812 299 874 atrine
327 810 544 873 excelsissimo
577 811 646 874 loeo
680 818 784 874 eastra
809 810 897 889 feeit3
931 830 950 872 a
978 810 1097 892 quibus
1125 811 1283 894 paulatim

217 924 372 999 quantum
396 919 504 1000 copiae
527 918 741 1000 patiebantur,
769 918 890 980 vallum
918 919 953 979 in
977 918 1087 1000 oppidi
1116 918 1283 981 circuitum

161 1039 196 1095 34
216 1024 332 1089 ducere
357 1025 500 1087 institnit.
540 1022 632 1096 Quod
654 1043 727 1086 curn
748 1024 1039 1088 animadverterent
1055 1025 1212 1107 oppidani
1231 1025 1305 1088 mi·1

216 1133 411 1214 serrinraque
427 1131 554 1193 Alesiae
570 1132 725 1194 memoria
745 1131 872 1194 solliciti
893 1131 1032 1194 similem
1052 1151 1166 1194 casum
1184 1131 1284 1195 obses

216 1239 315 1300 sionis
340 1243 525 1301 vererentur
547 1239 753 1320 maximeque
782 1256 823 1300 ex
847 1238 997 1301 omnibus
1021 1236 1207 1319 LucterinS,
1234 1240 1285 1321 qni

215 1343 361 1407 fortunae
385 1344 470 1407 illius
494 1345 672 1426 perieulum
694 1344 825 1427 fecerat,
848 1350 993 1409 moneret
1014 1344 1170 1408 frumenti
1194 1346 1284 1409 ratio-

216 1470 288 1513 nem
313 1470 381 1514 esse
405 1451 595 1533 habendam,
624 1453 823 1515 constituunt
846 1453 991 1515 omnium
1013 1470 1179 1516 consensu
1202 1457 1307 1535 partes

215 1559 261 1620 ibi
284 1558 395 1621 relicta
417 1558 581 1640 copiarum
609 1559 671 1640 ipsi
699 1578 773 1621 enm
797 1559 955 1641 expeditis
984 1558 1025 1620 ad
1050 1560 1284 1641 importandum

188 1666 411 1728 assumentum
434 1664 601 1747 proficisci.
645 1684 682 1728 en
707 1666 841 1728 oonsilio
864 1665 996 1748 probato
1021 1668 1174 1749 proxima
1197 1671 1284 1730 noete

216 1771 340 1834 duobus
372 1772 503 1834 milibus
537 1777 731 1834 amiatorum
765 1773 884 1836 relictis
919 1772 1060 1855 reliquos
1095 1791 1139 1836 ex
1174 1773 1283 1857 oppido

188 1877 357 1961 aDrappes
381 1885 413 1941 et
435 1877 601 1941 Lneterius
625 1879 775 1942 educunt.
816 1879 849 1942 hi
872 1898 990 1962 paucos
1013 1879 1082 1942 dies
1106 1881 1225 1943 morati
1247 1900 1284 1944 ex

214 1984 332 2048 finibus
354 1985 586 2064 Cadurcorum,
611 1987 666 2067 qui
688 1988 805 2068 partim
828 2006 862 2051 re
886 1987 1094 2050 frumentaria
1118 1987 1282 2052 sublevare
1293 2003 1314 2047 ιι

215 2111 268 2155 eos
300 2092 483 2175 cupiebant,
518 2095 634 2174 partim
664 2093 845 2176 prohibere,
881 2115 944 2178 quo
975 2096 1083 2158 minus
1115 2100 1282 2177 sumerent,

214 2218 279 2261 non
295 2206 453 2281 poterant,
477 2219 629 2282 magnum
646 2221 817 2264 numerum
832 2202 983 2265 frumenti
998 2202 1201 2283 comparant,
1223 2221 1280 2265 nou

214 2325 392 2386 numquam
416 2312 518 2369 antem
546 2308 804 2389 expeditionibus
823 2309 988 2371 nocturnis
1011 2307 1144 2371 castella
1162 2316 1283 2373 nostro·

186 2432 283 2477 rrum
303 2413 496 2474 adoriuntur.
538 2433 634 2494 quam
656 2415 695 2478 ob
712 2434 841 2478 eausam
861 2414 894 2478 Ο.
908 2415 1063 2479 Caninius
1084 2420 1152 2479 toto
1170 2417 1282 2500 oppido

213 2520 409 2582 munitiones
429 2521 627 2584 circumdare
643 2528 792 2601 moratur,
812 2540 853 2584 ne
869 2527 925 2584 ant
940 2541 1020 2604 opus
1036 2520 1186 2585 effectum
1204 2522 1310 2586 tuerill

215 2645 279 2688 non
303 2627 402 2708 possit
426 2633 481 2689 aut
500 2627 646 2709 plurimis
669 2630 703 2691 in
720 2628 796 2692 loeis
811 2628 939 2691 infirma
954 2628 1102 2711 disponat
1117 2630 1280 2712 praesidia
1387 2665 1388 2670 κ

159 2747 195 2802 35
304 2732 419 2815 Magna
443 2736 534 2816 eopia
557 2734 710 2798 frumenti
738 2741 918 2818 comparata
945 2734 1118 2798 considunt
1143 2735 1299 2821 Drappes1

213 2846 245 2903 et
259 2840 428 2903 Lucterius
452 2861 515 2902 non
533 2841 661 2923 longius
685 2841 724 2903 ab
741 2843 856 2926 oppido
881 2841 914 2903 X
929 2841 1073 2923 milibus,
1098 2844 1188 2908 unde
1209 2862 1279 2928 pao·

185 2947 302 3012 alatinr
325 2948 522 3010 frumentum
545 2948 579 3010 in
603 2949 757 3030 oppidum
780 2953 1008 3031 supportarent.
1054 2949 1117 3031 ipsi
1142 2951 1231 3015 inter
1249 2966 1276 3015 se

212 3055 392 3136 provincias
411 3057 605 3137 partiuntur:
630 3053 773 3138 Drappes
794 3057 905 3119 eastris
925 3056 1083 3138 praesidio
1104 3074 1182 3120 cum
1197 3062 1274 3142 parta

213 3162 375 3244 copiarum
404 3162 535 3241 resistit,
565 3160 729 3224 Lucterius
758 3182 871 3245 agmen
896 3164 1114 3226 iumentorum
1136 3164 1177 3227 ad
1198 3163 1298 3249 opp-⁶

184 3267 290 3331 edum
319 3268 413 3330 ducit.
461 3268 623 3349 dispositis
650 3267 696 3330 ibi
724 3269 893 3350 praesidiis
922 3264 998 3332 bora
1024 3271 1129 3334 noctis
1158 3273 1279 3336 circiter

213 3373 256 3435 X.
272 3374 471 3437 silvestribus
492 3376 698 3456 angustisque
715 3376 882 3440 itineribus
897 3376 1093 3439 frumentum
1111 3378 1279 3462 importare

184 3482 244 3545 rin
270 3481 420 3562 oppidum
445 3482 591 3545 instituit.
632 3502 768 3563 qnorum
792 3484 958 3565 strepitum
974 3482 1087 3566 vigiles
1103 3490 1277 3548 castrorum

301 3712 316 3762 5
336 3710 526 3777 oppidanorum
549 3710 599 3762 del.
625 3710 753 3763 *Nitselre
790 3712 798 3779 ΗΗ
834 3710 851 3764 8
871 3710 1053 3766 excelsissimo
1073 3711 1123 3783 So3
1145 3712 1278 3767 excellen-

211 3798 312 3853 tissimo
332 3817 366 3864 ης
386 3798 530 3851 celsissimo
550 3818 567 3849 ιι
599 3800 607 3868 Η
640 3800 702 3853 facit
722 3800 777 3853 Sal

298 3889 344 3943 34.
368 3887 518 3939 lauimnm
537 3888 705 3942 aduerterent
719 3889 786 3959 Spa¹
819 3890 827 3958 Η
860 3890 884 3943 2
899 3889 1107 3944 ssobsidionisrr
1138 3890 1147 3959 l
1179 3888 1279 3945 bomni

212 3978 249 4043 Sp
280 3979 288 4046 ΗΗ
321 3977 392 4031 (libi
411 3994 463 4029 om
483 3997 498 4026 ιι
530 3978 539 4042 ΗΗ
571 3977 754 4045 9drapt(os
750 3979 832 4048 3Η4Η
866 3981 899 4032 14
918 3979 993 4049 gaius
1013 3997 1041 4047 ας
1062 3996 1114 4033 om
1136 3980 1174 4047 Sp
1204 3978 1213 4049 ΗΗ
1245 3980 1282 4035 15

210 4070 328 4119 moratur
347 4085 376 4133 a,
397 4068 507 4119 conatur
527 4066 564 4132 Sd
595 4067 603 4134 ΗΗ
637 4067 670 4120 16
689 3982 792 4134 ροεωεπ
799 4088 816 4119 a
848 4071 856 4138 ΗΗ
888 4073 935 4123 aut
953 4068 1073 4137 pluribus
1091 4068 1157 4124 loeis
1177 4068 1215 4137 Sd
1274 4066 1279 4143 Η
1387 4064 1390 4073 '

298 4156 344 4211 35.
366 4108 505 4223 idraptes
525 4159 551 4222 (
543 4156 586 4223 Ηί
618 4157 627 4220 Η
658 4156 779 4224 4Drap
780 4173 808 4210 es
828 4161 840 4224 (
840 4158 888 4224 Sffl
924 4160 933 4223 Η
969 4157 1157 4227 bresistit&
1180 4134 1289 4237 astina

209 4244 239 4297 X
267 4246 276 4313 ΗΗ
308 4246 340 4298 ad
361 4263 390 4311 “3
409 4245 437 4297 in
457 4245 495 4310 Sp
525 4244 534 4311 Η
567 4247 583 4298 6
602 4245 638 4297 ibi
656 4245 706 4298 del.
726 4244 841 4298 Nitselre
1280 4258 1284 4287 =
