2806 4778
422 294 530 348 LIBER
547 295 596 348 111.
617 293 692 348 CAP.
713 295 813 348 9-13.
1112 281 1153 342 65

86 457 307 538 Lexoviosque
335 458 446 539 mittit,
475 459 530 539 qui
557 476 627 520 eam
654 476 786 520 manum
815 456 1030 521 distinendam
1054 463 1152 521 curet.

85 564 122 628 D.
146 566 284 628 Brutum
308 564 544 628 adulescentem
567 565 659 627 classi
684 564 877 646 Gallicisque
900 565 1050 646 navibus,
1075 584 1182 647 quasa

86 692 128 735 ex
159 671 348 736 Pictonibus
382 676 413 734 et
444 669 593 735 Santonis
629 671 826 754 reliquisque
862 672 983 755 pacatis
1017 674 1154 755 regioni-

85 779 146 842 bus
170 779 341 842 convenire
368 779 515 859 iusserat,
543 776 687 859 praeficit
714 782 757 859 et,
787 797 860 840 cum
884 780 1022 861 primum
1046 780 1154 862 possit,

45 908 72 949 15
86 887 121 948 in
143 887 285 948 Venetos
317 884 473 967 proficisci
506 885 600 948 iubet.
651 885 719 968 ipse
753 904 790 947 eo
822 885 1023 968 pedestribus
1055 887 1154 969 copiis

87 992 258 1055 contendit.

60 1124 72 1164 1
176 1098 276 1161 Erant
303 1100 372 1163 eius
399 1099 486 1162 modi
509 1098 575 1162 fere
598 1100 678 1162 situs
703 1099 903 1182 oppidorum,
932 1104 969 1162 ut
991 1101 1095 1183 posita
1120 1101 1154 1162 in
1173 1116 1208 1170 12

88 1207 239 1268 extremis
261 1205 392 1288 lingulis
414 1208 710 1288 promunturiisque
739 1225 845 1286 neque
873 1206 1007 1289 pedibus
1033 1207 1154 1269 aditum

88 1313 252 1394 haberent,
285 1332 359 1375 cum
388 1331 429 1375 ox
457 1314 520 1376 alto
544 1332 578 1376 se
602 1317 709 1377 aestus
731 1313 939 1394 incitavisset,
969 1313 1055 1395 quod
1080 1313 1153 1397 [bis]

88 1419 202 1482 accidit
224 1438 348 1502 semper
371 1420 522 1483 horarum
540 1419 608 1482 ΧΠ
631 1421 745 1502 spatio,
768 1439 874 1500 neque
898 1420 1044 1502 navibus,
1068 1421 1154 1502 quod

58 1544 198 1588 srursus
220 1527 385 1590 minuente
404 1532 494 1590 aestu
517 1546 616 1589 naves
644 1528 679 1589 in
701 1525 792 1588 vadis
816 1526 1063 1590 adflictarentur.
1109 1528 1181 1591 itaa

86 1637 221 1715 utraque
253 1652 287 1696 re
321 1634 510 1716 oppidorum
543 1635 736 1716 oppugnatio
771 1633 1011 1717 impediebatur.
1058 1653 1094 1696 ac
1127 1636 1181 1699 sia

86 1740 213 1821 quando
242 1740 463 1822 magnitudine
492 1741 596 1823 operis
623 1741 703 1802 forte
732 1741 885 1822 superati,
914 1743 1152 1803 extrusernari

86 1865 199 1928 aggere
223 1867 260 1909 ac
283 1847 423 1909 molibus
447 1851 542 1927 atque
566 1846 614 1909 his
638 1847 745 1928 oppidi
768 1846 936 1909 moenibus
960 1846 1154 1929 adaequatis,

87 1952 253 2035 desperare
276 1954 412 2015 fortimis
436 1954 502 2015 suis
526 1958 707 2037 coeperant,
731 1973 847 2036 magno
864 1971 999 2017 numero
1023 1955 1154 2016 narium

44 2081 72 2123 ro
87 2060 232 2142 adpulso,
257 2061 348 2122 cuius
372 2060 418 2122 rei
442 2079 599 2123 summam
622 2060 805 2123 facultatem
828 2059 999 2141 habebant,
1023 2079 1082 2123 sua
1102 2061 1155 2124 de-

86 2167 254 2249 portabant
286 2168 393 2229 omnia
424 2186 523 2250 seque
555 2167 589 2230 in
620 2168 768 2250 proxima
800 2166 916 2250 oppida
942 2167 1153 2250 recipiebant:

86 2273 132 2335 ibi
168 2292 201 2336 se
237 2293 349 2336 rursus
385 2275 487 2337 isdem
529 2273 796 2358 oportunitatibus
832 2273 894 2336 loci
932 2273 1182 2339 defendebantr

86 2381 164 2443 haec
187 2400 224 2444 eo
247 2381 373 2444 facilius
396 2401 545 2465 magnam
568 2386 690 2464 partem
718 2382 845 2444 aestatis
868 2381 1039 2463 faciebant,
1069 2383 1182 2462 quoda

86 2493 213 2551 nostrae
236 2508 336 2551 naves
364 2488 603 2571 tempestatibus
628 2488 852 2552 detinebantur
875 2508 1063 2571 summaque
1089 2493 1156 2551 erat

46 2615 72 2656 15
86 2604 175 2657 vasto
200 2600 296 2675 atque
320 2601 427 2679 aperto
451 2597 545 2677 mari,
568 2596 694 2678 magnis
718 2595 870 2676 aestibus,
893 2597 974 2658 raris
998 2615 1034 2658 ao
1056 2615 1155 2679 prope

60 2702 185 2764 rnullis
217 2702 360 2785 portibus
393 2701 561 2765 difficultas
598 2703 778 2784 navigandi.
833 2703 981 2783 Namque
1013 2704 1155 2785 ipsorum
1174 2716 1210 2770 13

87 2827 185 2871 naves
209 2810 248 2871 ad
272 2809 357 2871 hunc
380 2809 512 2871 modum
538 2809 639 2871 factae
668 2815 870 2891 armataeque
895 2815 999 2871 erant:
1030 2810 1155 2871 carinae

88 2915 250 2996 aliquanto
274 2915 431 2999 planiores
456 2935 553 2997 quam
575 2920 756 2977 nostrarum
775 2915 921 2996 navium,
945 2934 1008 2996 quo
1032 2914 1156 2978 facilius

90 3023 169 3085 vada
193 3043 229 3085 ac
254 3023 420 3086 decessum
444 3028 548 3085 aestus
573 3023 720 3104 excipere
743 3026 886 3105 possent3
911 3041 1023 3103 prorae
1047 3021 1183 3084 admo-2

59 3131 165 3192 adum
189 3135 312 3193 erectae
335 3137 429 3212 atque
452 3131 529 3193 item
545 3147 679 3212 puppes,
704 3129 744 3190 ad
765 3129 1018 3211 magnitudinem
1041 3128 1156 3190 fluctu-

89 3257 143 3298 um
176 3241 462 3320 tempestatumque
496 3236 764 3314 accommodatam
805 3254 904 3298 naves
937 3241 1020 3298 totae
1053 3235 1183 3298 factaee

88 3363 130 3406 ex
152 3343 266 3407 robore
290 3344 330 3406 ad
354 3344 500 3424 quamvis
523 3344 645 3406 vim-et
668 3342 896 3406 contumeliam
919 3342 1154 3424 perferendam3

88 3456 226 3513 transtra
241 3470 283 3515 ex
297 3450 464 3533 pedalibus
479 3451 514 3512 in
530 3450 731 3513 altitudinem
747 3448 899 3530 trabibus,
917 3448 1043 3512 confixa
1059 3448 1184 3539 clajisr

27 3727 32 3738 .
180 3683 210 3733 ll
231 3680 402 3748 lexobiosque
422 3700 439 3731 a
480 3681 489 3747 tl
531 3681 564 3732 13
593 3679 740 3748 pictonibus
769 3677 890 3744 Argoae,
918 3678 1073 3746 pectonibus
1097 3678 1128 3731 X
1149 3677 1157 3748 ll

90 3770 124 3821 14
142 3770 303 3837 praefecitfl
334 3770 342 3837 ll
374 3769 458 3837 possit
476 3770 515 3821 ed.
534 3770 562 3836 13
581 3770 671 3837 posset
690 3769 720 3820 X
749 3768 757 3835 ll
792 3769 824 3821 15
844 3784 875 3822 eo
894 3767 933 3834 X3
953 3767 1045 3820 eodem
1067 3767 1129 3819 HM

179 3860 223 3913 12.
244 3860 259 3911 3
278 3858 319 3912 bis
339 3877 393 3925 απ;
412 3858 444 3910 iis
462 3858 491 3924 b3
511 3858 553 3910 his
572 3857 583 3910 l
589 3877 595 3924 ;
618 3858 667 3910 del.
687 3856 783 3910 Jaara'a.
816 3857 825 3925 ll
857 3859 874 3909 4
892 3856 987 3910 accidit
1005 3864 1032 3922 β;
1056 3855 1158 3910 accedit

89 3968 107 4000 a
140 3947 148 4015 ΙΙ
184 3948 262 4001 8his
283 3966 312 4014 ας
340 3947 460 4014 ίεᾰθῐηβ
500 3947 508 4014 ll
550 3947 641 4000 9suis
660 3946 771 3999 fortunis
791 3947 931 4014 desperare
951 3965 968 3995 a
1010 3947 1018 4013 {l
1061 3945 1103 3998 10.
1124 3946 1155 3996 11

89 4037 177 4091 omnia
200 4053 248 4089 sua
271 4036 477 4104 deportabantrl
517 4035 525 4103 ll
568 4036 601 4087 12
619 4034 670 4089 loci
688 4035 943 4104 oportunitatibusrt
983 4037 992 4099 ll
1035 4035 1067 4086 15
1091 4033 1159 4087 mari

88 4143 197 4194 magno,
217 4126 334 4179 aestibus
353 4125 419 4178 raris
439 4144 460 4194 q:

180 4216 224 4271 13.
244 4216 261 4268 8
281 4232 314 4268 ex
334 4232 386 4266 om.
407 4234 423 4265 ιι

135 4321 214 4364 Caesar
227 4321 244 4366 l.
260 4322 294 4365 ed.
308 4320 399 4363 lleusel.
504 4378 508 4383 .
526 4366 529 4371 ,
985 4320 1000 4372 5
