2806 4778
223 277 264 338 22
623 292 729 346 BELLI
749 293 889 347 GALLICI

194 454 270 520 arei
293 453 438 537 publicae
462 473 531 518 esse
555 455 774 519 arbitrabatur.
820 456 974 538 paulatim
994 463 1100 518 autem
1118 456 1301 518 Germanos

222 579 429 625 consuescere
445 561 593 624 Rhenum
609 564 744 625 transire
761 568 792 625 et
814 565 849 625 in
866 562 1001 625 Galliam
1018 582 1166 644 magnam
1182 581 1299 625 eorum

222 667 463 731 multitudinem
487 670 597 732 venire
620 669 738 752 populo
754 669 898 732 Romano
917 668 1133 752 periculosum
1156 668 1300 751 videbat,

195 793 326 858 lneque
349 775 412 838 sibi
436 776 580 839 homines
603 777 686 839 feros
710 797 746 838 ac
769 775 922 839 barbaros
938 780 1167 859 temperaturos
1183 777 1301 838 existi·
1318 802 1347 844 15

170 950 174 957 ,
223 880 342 963 mahat,
367 884 457 964 quin,
481 902 555 945 cum
579 901 706 946 omnem
731 882 866 946 Galliam
890 885 1143 965 occupavissent,
1167 887 1204 944 ut
1220 889 1300 946 ante

224 988 345 1052 Cimbri
367 988 566 1072 Teutonique
589 989 749 1071 fecissent,
773 990 808 1051 in
824 991 1024 1072 provinciam
1048 990 1174 1052 exirent
1198 995 1301 1071 atque

222 1096 297 1159 inde
320 1098 355 1157 in
369 1097 495 1159 Italiam
512 1096 743 1160 contenderent
766 1095 979 1179 [praesertim
1003 1116 1075 1159 cum
1092 1094 1261 1178 Sequanos
1282 1117 1302 1159 a

223 1204 387 1286 provincia
407 1209 515 1267 nostra
529 1204 704 1267 Rhodanus
729 1202 910 1286 divideret];
937 1204 1053 1285 quibus
1076 1202 1172 1265 rebus
1197 1223 1301 1286 quarn

195 1330 209 1372 5
223 1311 408 1373 maturrime
422 1310 654 1373 occurrendum
666 1311 804 1393 putabat.
829 1312 897 1392 ipse
907 1316 1015 1374 autem
1031 1311 1215 1373 Ariovistus
1225 1317 1302 1374 tan·
1317 1335 1348 1377 20

223 1422 272 1479 tos
288 1416 351 1479 sibi
367 1417 505 1500 spiritus,
520 1423 640 1480 tantam
657 1419 872 1501 arrogantiam
888 1423 1073 1499 sumpserat,
1092 1423 1128 1479 ut
1143 1417 1302 1482 ferendus

168 1535 205 1590 34
223 1543 290 1586 non
303 1523 472 1587 videretur.
498 1523 600 1600 Quam
617 1525 656 1587 ob
669 1543 738 1587 rem
748 1525 868 1608 placuit
883 1526 920 1606 ei,
937 1530 972 1586 ut
984 1525 1024 1587 ad
1038 1526 1238 1587 Ariovistum
1253 1525 1302 1589 le·
1319 1551 1331 1591 1

223 1636 313 1714 gatos
328 1632 475 1713 mitteret,
492 1632 548 1714 qui
564 1631 603 1693 ab
619 1651 657 1694 eo
668 1632 876 1715 postularent,
891 1632 940 1693 uti
953 1631 1094 1712 aliquem
1109 1632 1217 1694 locum
1230 1651 1303 1696 me-

224 1737 314 1800 dium
331 1739 500 1820 utriusque
512 1738 684 1821 conloquio
698 1738 862 1821 deligeret:
880 1738 962 1801 telle
979 1757 1048 1800 sese
1065 1739 1103 1801 de
1120 1738 1304 1819 republica

196 1863 210 1905 2
224 1850 255 1908 et
269 1846 403 1908 summis
419 1846 587 1927 utriusque
603 1845 699 1909 rebus
716 1864 790 1908 cum
806 1864 842 1908 eo
860 1863 961 1928 agere.
986 1846 1016 1907 ci
1031 1845 1185 1928 legationi
1201 1847 1303 1910 Ario-

222 1951 324 2015 vistus
348 1952 524 2035 respondit:
555 1954 683 2035 siquid
711 1955 772 2037 ipsi
795 1973 814 2015 a
837 1952 972 2017 Caesare
997 1973 1076 2036 opus
1101 1958 1197 2032 esset,
1227 1973 1332 2019 sesea

224 2058 263 2121 ad
287 2079 362 2122 eum
386 2066 559 2123 venturum
581 2060 692 2139 fuisse3
720 2061 841 2141 siquid
861 2061 965 2124 illese
983 2060 1072 2140 velit,
1095 2060 1188 2121 illum
1205 2059 1247 2122 ad
1266 2082 1304 2126 se

195 2168 333 2229 evenire
357 2173 507 2249 oportere.
553 2173 715 2249 praeterea
738 2186 771 2230 se
795 2186 900 2248 neque
924 2168 992 2230 sine
1017 2167 1161 2229 exercitu
1185 2167 1221 2229 in
1244 2186 1304 2232 eas

223 2278 328 2354 partes
366 2273 488 2336 Galliae
525 2275 636 2337 venire
673 2275 804 2353 audere,
843 2294 922 2355 quas
960 2273 1075 2336 Caesar
1111 2273 1304 2358 possideret,

224 2398 330 2461 neque
354 2381 533 2442 exercitum
556 2380 624 2443 sine
647 2400 763 2463 magno
788 2387 968 2443 commeatu
992 2387 1086 2463 atque
1108 2380 1303 2447 molimento

196 2487 258 2547 ain
290 2505 392 2548 unum
424 2486 531 2549 locum
564 2487 750 2550 contrahere
783 2507 883 2570 posse.
942 2487 1003 2550 sibi
1037 2494 1143 2551 autern
1176 2490 1304 2553 mirum
1320 2513 1347 2555 ro

224 2593 339 2675 videri,
365 2593 442 2674 quid
465 2594 499 2654 in
524 2613 582 2656 sua
606 2594 721 2676 Gallia,
746 2614 842 2677 quam
867 2594 950 2657 bello
972 2596 1113 2674 vicisset,
1138 2599 1194 2656 aut
1218 2595 1303 2660 an-

168 2710 206 2766 35
224 2700 287 2763 sari
327 2705 383 2761 aut
420 2701 551 2763 omnino
589 2701 707 2783 populo
746 2701 890 2765 Romano
929 2703 1049 2784 negotii
1089 2706 1177 2764 esset
1235 2703 1331 2769 Hisr

224 2809 385 2889 responsis
418 2807 458 2869 ad
491 2808 658 2871 Caesarem
694 2808 803 2871 relatis
840 2810 957 2872 iterum
994 2808 1034 2871 ad
1072 2829 1145 2871 eum
1179 2808 1304 2874 Caesar

180 2913 345 2997 ¹alegatos
374 2934 448 2977 curn
475 2914 525 2976 his
548 2915 706 2978 mandatis
729 2916 838 2978 mittit:
869 2917 1021 2998 quoniam
1046 2921 1133 2977 tanto
1157 2935 1216 2977 suo
1241 2938 1303 3000 po-

223 3021 354 3103 pulique
378 3021 515 3084 Romani
537 3020 692 3086 beneficio
717 3023 872 3105 adfectus,
897 3041 970 3085 cum
993 3024 1027 3083 in
1051 3021 1220 3084 consulatu
1238 3044 1302 3088 suo

222 3146 281 3189 rex
309 3133 404 3210 atque
438 3131 560 3192 amicus
589 3150 607 3191 a
634 3135 748 3192 senatu
780 3130 957 3213 appellatus
990 3134 1086 3208 esset,
1119 3129 1200 3191 hano
1235 3130 1331 3195 sibis

225 3235 407 3317 populoque
423 3235 568 3298 Romano
591 3237 726 3318 gratiam
741 3237 885 3317 referret,
909 3241 946 3298 ut
966 3238 999 3297 in
1017 3237 1226 3317 conloquium
1242 3257 1301 3301 ve-

224 3340 293 3403 nire
317 3342 470 3404 invitatus
495 3349 681 3423 gravaretur
695 3361 801 3424 neque
818 3341 857 3404 de
874 3344 1086 3405 communire
1104 3342 1301 3408 discendum

225 3447 286 3509 sibi
319 3453 350 3510 et
382 3449 641 3530 cognoscendum
674 3453 814 3531 putaret,
847 3448 923 3510 haec
956 3468 1037 3530 esse,
1072 3468 1153 3530 quae
1187 3447 1227 3511 ab
1258 3465 1299 3515 eo

194 3554 411 3637 epostularet:
436 3557 576 3638 primum
599 3575 640 3619 ne
664 3575 761 3637 quam
777 3555 1015 3618 multitudinem
1039 3556 1206 3618 hominum
1230 3577 1301 3620 am-

314 3768 347 3819 15
366 3769 560 3834 temperaturos
572 3784 638 3834 ree.;
657 3768 737 3834 ed.1;
757 3767 985 3835 obtemperaturos
1003 3767 1033 3818 X
1067 3766 1075 3838 ll
1114 3767 1300 3836 18.19prae-

222 3855 316 3908 sertim
335 3872 396 3908 cum
416 3896 493 3907 .....
514 3856 644 3909 diuideret
662 3857 711 3909 dal.
732 3857 821 3909 Beati.

312 3944 523 4011 utentesque
540 3944 630 3998 (liceo.
668 3944 676 4016 d
713 3945 829 3999 duellet
842 3945 902 3997 HM
936 3943 944 4015 ll
981 3945 1164 3999 9molimento
1180 3945 1300 4017 Fccrn.;

224 4033 403 4087 emulomento
424 4034 479 4101 (uel
498 4033 687 4102 emolumento)
706 4034 738 4088 X

311 4123 357 4178 35.
378 4124 395 4175 2
418 4123 508 4176 relatis
537 4123 570 4189 03
604 4123 694 4191 Voso.;
724 4124 818 4194 legatis
842 4125 872 4177 X
910 4124 918 4196 ll
959 4127 973 4177 7
999 4124 1155 4176 discendum
1178 4123 1299 4194 Faern.;

224 4212 365 4265 dicendum
384 4213 414 4265 X
