2806 4778
488 365 595 419 LIBER
612 365 675 419 llll.
697 365 771 419 CAP.
793 367 910 436 15517.
1188 350 1231 411 85

163 530 226 593 sibi
254 528 325 614 (ad)
348 530 504 592 auxilium
521 548 674 612 spemque
690 529 806 610 reliqui
822 529 974 610 temporis
990 528 1064 590 satis
1079 528 1232 590 futurum.

162 643 287 700 tantum
310 655 379 700 esse
402 656 520 700 nomen
545 640 639 716 atque
664 637 847 718 opinionem
871 637 940 699 eius
964 635 1123 698 exercitus
1139 635 1259 701 Ario-r

161 745 245 807 visto
269 745 359 827 pulso
384 749 416 807 et
438 744 499 806 hoc
522 744 696 806 novissimo
720 743 840 825 proelio
868 743 950 807 facto
975 744 1071 806 etiarn
1095 743 1135 805 ad
1157 741 1233 804 ulti-

118 875 146 918 25
160 870 230 913 mas
255 849 488 914 Germanorum
503 852 663 932 nationes,
688 851 734 912 uti
754 851 902 933 opinione
922 855 953 913 et
969 834 1108 923 amicitia
1122 849 1232 932 populi

160 957 298 1021 Romani
326 959 386 1021 tuti
415 977 484 1020 esse
511 964 649 1040 possent.
700 958 832 1020 navium
859 977 1008 1040 magnam
1037 957 1159 1040 copiam
1192 955 1259 1020 ade

133 1065 443 1148 itransportandinn
476 1066 653 1128 exercitum
681 1065 921 1147 pollicebantur.
973 1053 1088 1127 Caesar
1114 1063 1164 1125 his
1193 1062 1231 1124 de
1250 1080 1284 1134 17

160 1173 279 1253 causiS,
304 1191 383 1254 quas
407 1173 668 1253 commemoravi,
691 1172 841 1236 Rhenum
870 1173 1004 1234 transire
1033 1171 1230 1241 decreveram

160 1279 219 1342 sed
242 1278 379 1341 navibus
403 1280 538 1342 transire
562 1298 667 1360 neque
691 1281 767 1341 satis
791 1284 895 1341 tutum
924 1297 993 1341 esse
1021 1277 1233 1341 arbitrabatur

160 1405 267 1467 neque
292 1405 367 1449 suae
392 1405 497 1467 neque
521 1387 629 1468 populi
645 1386 783 1449 Romani
799 1386 963 1469 dignitatis
980 1403 1049 1448 esse
1066 1385 1231 1448 statuebat.

132 1495 284 1575 uitaque,
307 1495 365 1556 etsi
389 1512 515 1556 summa
538 1493 708 1556 difficultas
724 1493 860 1556 faciendi
875 1494 981 1576 pontis
996 1492 1232 1576 proponebatur
1246 1515 1260 1556 a

161 1605 291 1683 propter
314 1600 529 1681 latitudinem,
557 1601 758 1683 rapiditatem
786 1599 1052 1682 altitudinemque
1079 1599 1231 1680 tluminiS,

161 1715 268 1770 tamen
292 1708 325 1770 id
348 1707 410 1770 sibi
433 1707 691 1771 contendendum
716 1713 771 1770 aut
794 1707 885 1770 aliter
908 1727 975 1770 non
995 1706 1230 1770 traducendum

161 1816 340 1877 exercitum
373 1815 582 1878 existimabat.
639 1816 795 1878 rationem
833 1816 938 1897 pontis
971 1815 1053 1876 banc
1084 1814 1259 1878 instituite

160 1922 250 2004 tigna
283 1921 359 1984 bina
386 1922 619 2005 sesquipedalia
650 1923 782 2005 paulum
815 1922 853 1984 ab
887 1923 950 1983 imo
982 1924 1153 2004 praeacuta
1185 1920 1231 1982 di-

118 2051 147 2092 io
160 2048 274 2092 mensa
297 2029 336 2091 ad
360 2029 562 2092 altitudinem
585 2029 728 2092 fluminis
751 2029 918 2092 intervallo
947 2027 1065 2111 pedum
1093 2028 1230 2090 duorum

161 2138 246 2200 inter
270 2155 303 2199 se
326 2135 487 2220 iungebat.
533 2137 611 2200 haec
634 2156 707 2199 eum
728 2135 1017 2199 machinationibus
1033 2136 1175 2198 immissa
1198 2136 1259 2198 ini

160 2243 284 2306 flumen
307 2242 462 2306 defixerat
484 2242 678 2325 festucisque
702 2244 863 2326 adegerat,
886 2263 951 2305 non
976 2243 1115 2305 sublicae
1136 2241 1231 2304 modo

162 2349 287 2413 derecte
320 2349 360 2412 ad
392 2349 667 2433 perpendiculum,
704 2351 761 2413 sed
795 2369 895 2432 prone
933 2369 969 2412 ac
1000 2349 1159 2433 fastigate,
1196 2355 1232 2411 ut

161 2457 340 2520 secundum
363 2462 511 2519 neutram
535 2458 677 2520 tluminis
699 2456 958 2541 procumberent,
987 2458 1025 2519 iis
1052 2458 1128 2520 item
1157 2475 1258 2520 con-5

119 2565 258 2626 lebraria
287 2564 350 2627 duo
379 2564 420 2626 ad
447 2564 586 2629 eundem
613 2566 744 2626 modum
773 2567 881 2627 iuncta
912 2565 1080 2629 intervallo
1113 2565 1231 2647 pedum

162 2672 404 2754 quadragenum
437 2671 476 2734 ab
509 2672 658 2734 inferiore
686 2678 774 2753 parte
809 2677 919 2734 contra
952 2673 1016 2734 vim
1050 2677 1144 2753 atque
1172 2672 1230 2733 im-

160 2782 271 2861 petum
295 2777 438 2841 fluminis
462 2797 614 2840 conversa
638 2778 802 2841 statuebat.
848 2779 925 2841 haec
948 2783 1083 2858 utraque
1100 2779 1258 2859 iesuperu

161 2884 363 2967 bipedalibus
387 2885 530 2947 trabibus
554 2886 716 2966 immissis,
747 2891 902 2967 quantuni
931 2904 1041 2947 eorum
1070 2886 1230 2966 lignenm]

161 2993 311 3054 iunctura
335 2991 482 3072 distabat,
506 2990 590 3054 binis
613 2994 774 3074 utrimque
797 2992 905 3055 fibulis
930 2992 968 3053 ab
985 2996 1128 3054 extrema
1143 2998 1231 3074 parte

120 3117 149 3159 20
164 3097 411 3178 distinebantur3
437 3099 554 3181 quibus
579 3099 726 3163 disclusis
743 3104 837 3182 atque
853 3101 887 3161 in
904 3100 1093 3161 contrariam
1109 3102 1257 3180 partema

160 3206 314 3268 revinctis
338 3210 426 3268 tanta
449 3210 516 3269 erat
539 3208 644 3288 operis
666 3205 827 3268 firmitudo
852 3211 947 3287 atque
975 3226 1012 3269 ea
1040 3223 1147 3267 rerum
1175 3224 1231 3266 na-

161 3317 246 3393 tura,
269 3316 318 3394 ut,
343 3331 406 3393 quo
430 3315 531 3375 maior
554 3314 603 3374 vis
627 3331 727 3393 aquae
750 3331 783 3374 se
808 3313 1014 3390 mutavisset,
1044 3312 1103 3374 hoo
1131 3313 1230 3374 artius

160 3419 293 3502 inligata
325 3424 517 3483 tenerentur.
573 3420 652 3481 liaeo
687 3418 813 3481 derecta
844 3420 976 3481 materia
1008 3420 1124 3481 iniecta
1157 3438 1258 3484 con-e

251 3667 285 3720 22
303 3668 337 3721 ad
356 3669 417 3721 add.
439 3667 500 3721 Αἶά.
539 3669 547 3735 ΙΙ
585 3668 618 3721 23
638 3684 734 3721 nomen
754 3686 783 3734 ας
807 3684 903 3721 nomen
922 3669 992 3736 apud
1011 3675 1092 3734 eosd
1128 3670 1136 3737 ll
1174 3668 1231 3722 eius

160 3755 294 3810 exercitus
314 3775 344 3824 o3
364 3757 497 3810 exercitus
515 3757 652 3823 rornanifl
683 3759 691 3824 ll
724 3757 766 3810 23.
787 3757 821 3809 24
840 3757 971 3811 ariouixto
991 3777 1008 3807 a
1041 3759 1049 3825 ll
1086 3758 1120 3812 25
1140 3760 1170 3811 ut
1188 3765 1205 3825 β
1223 3757 1231 3828 ll

160 3845 284 3914 opinione
302 3846 432 3900 amicitiae
451 3845 539 3900 Beati.
573 3847 581 3915 ΙΙ
614 3847 647 3900 26
667 3849 775 3915 possent
799 3846 912 3914 Wlaa'tte3
932 3847 1034 3916 possint
1052 3848 1083 3900 X

251 3937 296 3990 l‘l.
316 3937 332 3989 3
351 3936 463 3990 transire
482 3952 511 3989 se
529 3943 652 4005 nequep
688 3938 696 4005 ll
733 3936 880 3990 binciendi
900 3936 943 4003 of;
967 3937 1120 4002 faciundis]
1155 3937 1163 4003 Η
1198 3936 1230 3986 12

160 4023 306 4091 Ηιιιηίηθβ
336 4026 345 4094 ll
377 4026 539 4095 festucisque
559 4025 628 4093 HM;
652 4026 806 4095 fistucisque
827 4045 856 4092 ας
880 4025 1106 4093 festnculisquep
1146 4026 1155 4091 ll
1198 4025 1230 4074 14

160 4114 193 4167 iis
212 4112 322 4183 A(Qa)3
341 4115 383 4169 his
403 4122 443 4184 φβ
474 4116 482 4183 ll
516 4115 714 4183 tuaequae
736 4117 827 4170 Olarlc.
861 4117 869 4183 ll
901 4116 988 4168 iuncta
1008 4132 1038 4180 a3
1058 4114 1203 4178 diiunctae
1222 4111 1230 4182 lt

162 4204 196 4258 16
216 4202 318 4272 Xan
349 4206 358 4274 ll
391 4205 425 4260 20
444 4204 639 4258 distinebantur
656 4205 695 4271 X3
716 4206 914 4259 destinabantur
934 4203 961 4254 Ε
990 4204 998 4270 ll
1036 4200 1229 4270 231igatanl

160 4293 271 4347 rnaterie
288 4299 306 4359 β
336 4294 345 4363 ll
378 4294 419 4348 23.
441 4294 474 4347 24
493 4293 701 4362 contegebantur
720 4294 781 4347 HM
