2806 4778
413 336 520 390 LIBER
539 336 587 389 VI.
608 336 683 390 CAP.
700 336 832 390 tr-VH.
852 336 927 391 CAP.
949 339 972 389 1.
1160 322 1222 384 159

152 505 328 581 conspectu
352 500 594 580 contenderent,
621 505 658 562 ut
681 519 735 582 spe
760 500 978 580 consequendi
1000 500 1100 562 inlata
1128 505 1256 582 atquae

152 605 282 668 infinito
305 605 414 669 labore
438 612 597 689 suscepte,
623 607 678 689 qui
702 625 735 670 se
759 626 916 669 summam
945 626 963 668 a
992 604 1124 670 Caesare
1153 626 1223 689 gra·

107 737 136 778 15
151 715 231 775 tiam
262 713 399 776 inituros
430 718 591 796 putarent,
622 732 723 796 paene
749 719 898 776 naturam
926 714 1030 776 studio
1059 714 1224 776 vincerent

152 838 343 902 semperque
366 819 498 902 paulum
522 820 562 881 ad
585 839 741 883 summam
766 820 949 884 felicitatem
973 821 1110 883 defuisse
1134 820 1223 882 vide-

151 931 255 1007 retur,
280 932 374 1007 atque
398 927 452 990 ilie
475 927 606 990 latebris
629 933 683 990 aut
707 927 839 990 saltibus
863 945 897 990 se
914 928 1049 1010 eriperet
1071 932 1102 990 et
1124 932 1253 991 noctur

153 1033 331 1097 occultatus
364 1034 442 1096 alias
473 1035 622 1116 regiones
656 1039 825 1117 partesque
857 1039 979 1117 peteret
1012 1053 1078 1096 non
1104 1035 1223 1097 maiore

153 1142 298 1221 equitum
326 1141 484 1223 praesidio
514 1161 610 1224 quam
638 1141 718 1222 IIII,
751 1141 869 1222 quibus
898 1141 974 1204 solis
1006 1141 1103 1203 vitam
1133 1160 1223 1203 suam

111 1269 139 1312 ao
153 1248 353 1312 committere
378 1248 522 1311 audebat.

125 1378 137 1418 1
243 1354 311 1416 Tali
333 1355 428 1418 modo
451 1355 581 1417 vastatis
605 1355 790 1437 regionibus
814 1356 991 1418 exercitum
1008 1353 1122 1418 Caesar
1146 1355 1222 1417 dua·
1241 1371 1284 1423 44

153 1482 227 1524 rum
255 1462 432 1525 cohortium
462 1462 577 1525 damno
605 1461 856 1525 Durocortorum
883 1462 1058 1525 Remorum
1089 1462 1224 1541 deducit,

154 1569 356 1649 concilioque
380 1570 413 1631 in
438 1587 511 1632 eum
535 1569 641 1631 locum
666 1569 787 1632 Galliae
803 1570 924 1632 indicto
949 1570 989 1632 de
1005 1569 1223 1632 coniuratione

154 1675 319 1739 Senonum
343 1682 374 1738 et
398 1673 570 1738 Camuturn
594 1674 811 1758 quaestionem
827 1675 943 1739 habere
966 1675 1106 1738 instituit
1129 1681 1160 1738 et
1184 1676 1252 1738 dea

125 1783 296 1863 sAccone,
324 1783 380 1865 qui
407 1783 554 1865 princeps
582 1783 653 1846 eius
681 1783 807 1845 consilii
832 1783 947 1863 fuerat,
975 1782 1122 1865 graviore
1150 1800 1222 1844 sen·

152 1890 253 1953 tentia
268 1889 474 1972 pronuntiata
489 1908 577 1952 more
593 1891 750 1952 maiorum
767 1890 959 1972 supplicium
975 1890 1117 1971 sumpsit.
1156 1907 1254 1952 none

152 1992 235 2058 nulli
259 1996 417 2058 iudicium
439 1997 532 2059 veriti
554 1996 771 2079 profugerunt.
819 1996 936 2077 quibus
964 2015 1037 2058 cum
1067 2014 1150 2078 aqua
1177 2001 1222 2058 at-

153 2121 217 2185 que
240 2103 308 2185 igni
331 2103 562 2186 interdixisset,
586 2104 665 2166 duas
687 2104 829 2187 legiones
854 2103 892 2164 ad
908 2101 989 2166 fines
1004 2103 1222 2182 Treverorum,

153 2209 233 2272 duas
265 2210 300 2271 in
331 2208 543 2292 Lingonibus
579 2228 635 2272 sex
667 2210 807 2291 reliquas
841 2210 875 2272 in
909 2208 1072 2274 Senonum
1104 2208 1222 2272 finibus

111 2337 138 2379 10
152 2317 312 2400 Agedinci
349 2318 384 2379 in
416 2317 558 2379 hibernis
591 2317 771 2380 conlocavit
806 2317 1029 2399 frumentoque
1065 2317 1222 2380 exercitui

150 2425 294 2507 proviso,
317 2428 354 2486 ut
376 2424 571 2506 instituerat,
599 2426 633 2486 in
656 2424 781 2487 Italiam
810 2424 850 2487 ad
877 2431 1054 2488 conventus
1082 2424 1224 2507 agendos

151 2530 314 2615 profectus
337 2537 392 2593 est.

472 2829 508 2895 O.
531 2830 652 2896 IULII
676 2829 900 2895 CAESARIS

433 2976 625 3049 BELLI
671 2975 941 3050 GALLIOI

532 3132 641 3186 rinna
664 3132 843 3186 surtinus.

121 3336 135 3376 1
244 3311 358 3388 Quieta
382 3312 483 3376 Gallia
507 3313 634 3396 Caesar,
658 3318 695 3375 ut
718 3314 938 3395 constituerat,
966 3314 1001 3374 in
1028 3312 1153 3376 Italiam
1181 3312 1262 3375 adl

152 3426 330 3484 conventus
355 3421 493 3503 agendos
513 3419 732 3503 proficiscitur.
772 3419 816 3482 ibi
833 3421 995 3502 cognoscit
1011 3420 1049 3483 de
1066 3418 1100 3482 P.
1118 3419 1221 3483 Clodii

152 3528 251 3591 caede
278 3525 348 3611 <de>
379 3533 572 3609 senatusque
601 3526 745 3589 consulto
774 3527 889 3590 certior
915 3527 1029 3608 factus,
1057 3532 1091 3590 ut
1112 3546 1222 3591 omnes

244 3723 277 3774 14
296 3722 328 3775 ab
348 3741 365 3773 α
398 3721 406 3789 ΗΗ
439 3723 471 3774 17
492 3724 571 3790 atque
589 3722 629 3789 X,
650 3739 711 3775 curn
735 3721 824 3776 Oiacc.
858 3721 866 3789 ΗΗ
898 3720 1009 3775 saltibus
1029 3740 1058 3788 a,
1083 3720 1157 3774 siluis
1176 3727 1223 3774 aut

151 3811 300 3877 saltibusfl
331 3813 339 3880 ΗΗ
372 3814 399 3864 et
417 3829 446 3878 a3
466 3813 524 3878 utfl
556 3812 564 3880 ΗΗ
598 3810 836 3877 moriemurne,
856 3812 1027 3878 occupatnsfl
1059 3815 1067 3879 ΗΗ
1100 3811 1133 3865 19
1147 3811 1220 3879 equi-

151 3901 260 3969 tatum)
278 3899 361 3953 mon
1074 3953 1078 3960 .

242 3991 288 4043 44.
309 3991 322 4041 1
344 3988 456 4042 uastatis
474 3989 624 4058 regionibus
645 4008 675 4056 a,
695 3989 771 4043 iactis
790 3989 959 4058 religionibus
977 3997 994 4058 β
1025 3993 1034 4057 ΗΗ
1067 3990 1222 4042 2durocor·

152 4082 277 4144 terumss
308 4079 317 4141 ΗΗ
349 4077 455 4130 deducit
473 4077 540 4144 DE,
559 4079 663 4131 reducit
681 4078 712 4131 X
741 4080 748 4147 ΗΗ
780 4078 975 4133 8treuirorum
995 4079 1058 4146 M²ft
1094 4080 1102 4148 ΗΗ
1134 4077 1221 4132 9lin-

153 4166 283 4237 guonibns
302 4165 336 4237 os
363 4167 371 4234 ΗΗ
403 4182 451 4220 sex
465 4172 514 4236 χβς
534 4169 601 4236 etro
633 4169 641 4236 ΗΗ
674 4169 708 4222 10
727 4169 865 4237 acediciu»
898 4169 906 4235 ΗΗ
938 4169 1057 4221 exercitu
1077 4187 1098 4219 π

243 4258 270 4311 1.
292 4258 305 4309 1
325 4256 476 4310 instituerat
494 4254 583 4308 *Paul
614 4260 622 4328 ΗΗ
655 4257 719 4310 2Ρ.
741 4276 768 4327 ρ;
788 4275 840 4310 om.
861 4275 902 4308 απ
934 4260 943 4327 ΗΗ
975 4257 1043 4309 3de
1062 4257 1124 4309 add.
1144 4256 1208 4309 Ata.
